<?xml version="1.0" encoding="UTF-8"?>
<!DOCTYPE html PUBLIC "-//W3C//DTD XHTML 1.0 Transitional//EN"
    "http://www.w3.org/TR/xhtml1/DTD/xhtml1-transitional.dtd">
<html xmlns="http://www.w3.org/1999/xhtml" xml:lang="en" lang="en">
 <head>
  <title>
</title>
<meta http-equiv="Content-Type" content="text/html;charset=utf-8" />
  <meta name='ocr-system' content='tesseract 3.04.00' />
  <meta name='ocr-capabilities' content='ocr_page ocr_carea ocr_par ocr_line ocrx_word'/>
</head>
<body>
  <div class='ocr_page' id='page_1' title='image "./descholiistheoc00buckgoog_0023.png"; bbox 0 0 3070 4910; ppageno 0'>
   <div class='ocr_carea' id='block_1_1' title="bbox 761 298 974 367">
    <p class='ocr_par' dir='ltr' id='par_1_1' title="bbox 761 298 974 367">
     <span class='ocr_line' id='line_1_1' title="bbox 761 298 974 367; baseline 0.009 -19"><span class='ocrx_word' id='word_1_1' title='bbox 761 298 974 367; x_wconf 69' lang='grc'>..18-</span> 
     </span>
    </p>
   </div>
   <div class='ocr_carea' id='block_1_2' title="bbox 298 481 1437 683">
    <p class='ocr_par' dir='ltr' id='par_1_2' title="bbox 298 481 1437 683">
     <span class='ocr_line' id='line_1_2' title="bbox 299 481 1437 582; baseline -0.001 -25"><span class='ocrx_word' id='word_1_2' title='bbox 299 484 370 571; x_wconf 89' lang='grc' dir='ltr'><em>τδις</em></span> <span class='ocrx_word' id='word_1_3' title='bbox 399 483 579 578; x_wconf 79' lang='grc' dir='ltr'><em>Νύμφας·</em></span> <span class='ocrx_word' id='word_1_4' title='bbox 611 486 685 558; x_wconf 78' lang='grc' dir='ltr'><em>ἐπεὶ</em></span> <span class='ocrx_word' id='word_1_5' title='bbox 717 490 736 556; x_wconf 86' lang='lat' dir='ltr'><strong>d</strong></span> <span class='ocrx_word' id='word_1_6' title='bbox 763 485 880 578; x_wconf 70' lang='grc' dir='ltr'><em>Αἴγων</em></span> <span class='ocrx_word' id='word_1_7' title='bbox 912 483 1023 556; x_wconf 80' lang='grc' dir='ltr'><em>δπιών</em></span> <span class='ocrx_word' id='word_1_8' title='bbox 1053 487 1102 572; x_wconf 81' lang='grc' dir='ltr'><strong>εἷς</strong></span> <span class='ocrx_word' id='word_1_9' title='bbox 1134 488 1193 582; x_wconf 81' lang='grc' dir='ltr'><strong>τὴν</strong></span> <span class='ocrx_word' id='word_1_10' title='bbox 1223 481 1437 576; x_wconf 79' lang='grc' dir='ltr'><em>Ὀλυμπιάδα</em></span> 
     </span>
     <span class='ocr_line' id='line_1_3' title="bbox 298 588 1434 683; baseline 0.002 -24"><span class='ocrx_word' id='word_1_11' title='bbox 298 592 373 679; x_wconf 77' lang='grc' dir='ltr'><em>ἐμοὶ</em></span> <span class='ocrx_word' id='word_1_12' title='bbox 396 596 500 681; x_wconf 83' lang='grc' dir='ltr'><em>δῶρον</em></span> <span class='ocrx_word' id='word_1_13' title='bbox 522 588 624 683; x_wconf 75' lang='grc' dir='ltr'><em>αὐτὴν</em></span> <span class='ocrx_word' id='word_1_14' title='bbox 644 592 878 661; x_wconf 79' lang='grc' dir='ltr'><em>καταλέλοιπε·</em></span> <span class='ocrx_word' id='word_1_15' title='bbox 902 590 1038 674; x_wconf 84' lang='grc' dir='ltr'><em>δυνατὸς</em></span> <span class='ocrx_word' id='word_1_16' title='bbox 1059 591 1120 681; x_wconf 71' lang='grc' dir='ltr'><strong>γάρ</strong></span> <span class='ocrx_word' id='word_1_17' title='bbox 1142 591 1211 680; x_wconf 79' lang='grc' dir='ltr'><em>εἰμι</em></span> <span class='ocrx_word' id='word_1_18' title='bbox 1227 596 1387 682; x_wconf 82' lang='grc' dir='ltr'><em>μελῳδεῖν</em></span> <span class='ocrx_word' id='word_1_19' title='bbox 1398 597 1434 682; x_wconf 85' lang='grc'><strong>1).</strong></span> 
     </span>
    </p>
   </div>
   <div class='ocr_carea' id='block_1_3' title="bbox 297 699 1525 3588">
    <p class='ocr_par' dir='ltr' id='par_1_3' title="bbox 298 699 1438 1201">
     <span class='ocr_line' id='line_1_4' title="bbox 385 699 1437 784; baseline 0.001 -21"><span class='ocrx_word' id='word_1_20' title='bbox 385 699 501 784; x_wconf 85' lang='lat' dir='ltr'>Neque</span> <span class='ocrx_word' id='word_1_21' title='bbox 524 699 647 780; x_wconf 91' lang='lat' dir='ltr'><strong>dubito,</strong></span> <span class='ocrx_word' id='word_1_22' title='bbox 671 699 749 783; x_wconf 92' lang='lat' dir='ltr'><strong>quin</strong></span> <span class='ocrx_word' id='word_1_23' title='bbox 764 720 828 763; x_wconf 91' lang='lat' dir='ltr'><strong>non</strong></span> <span class='ocrx_word' id='word_1_24' title='bbox 851 719 957 784; x_wconf 86' lang='lat' dir='ltr'><strong>pauca</strong></span> <span class='ocrx_word' id='word_1_25' title='bbox 980 720 1023 763; x_wconf 87' lang='lat' dir='ltr'><strong>ex</strong></span> <span class='ocrx_word' id='word_1_26' title='bbox 1046 700 1093 764; x_wconf 89' lang='lat' dir='ltr'><strong>cis</strong></span> <span class='ocrx_word' id='word_1_27' title='bbox 1110 700 1249 781; x_wconf 82' lang='lat' dir='ltr'>scholiis,</span> <span class='ocrx_word' id='word_1_28' title='bbox 1274 720 1357 784; x_wconf 89' lang='lat' dir='ltr'><strong>quae</strong></span> <span class='ocrx_word' id='word_1_29' title='bbox 1381 708 1437 764; x_wconf 89' lang='lat' dir='ltr'><strong>tuo</strong></span> 
     </span>
     <span class='ocr_line' id='line_1_5' title="bbox 298 803 1436 889; baseline 0.001 -23"><span class='ocrx_word' id='word_1_30' title='bbox 298 804 368 867; x_wconf 89' lang='lat' dir='ltr'><strong>iure</strong></span> <span class='ocrx_word' id='word_1_31' title='bbox 393 804 594 888; x_wconf 83' lang='lat' dir='ltr'><strong>singulorum</strong></span> <span class='ocrx_word' id='word_1_32' title='bbox 609 803 781 868; x_wconf 91' lang='lat' dir='ltr'><strong>verborum</strong></span> <span class='ocrx_word' id='word_1_33' title='bbox 804 804 1096 889; x_wconf 87' lang='lat' dir='ltr'><strong>interpretamenta</strong></span> <span class='ocrx_word' id='word_1_34' title='bbox 1110 805 1268 883; x_wconf 81' lang='lat' dir='ltr'>nomines,</span> <span class='ocrx_word' id='word_1_35' title='bbox 1293 827 1335 869; x_wconf 87' lang='lat' dir='ltr'><strong>ex</strong></span> <span class='ocrx_word' id='word_1_36' title='bbox 1358 825 1436 868; x_wconf 90' lang='lat' dir='ltr'><strong>con-</strong></span> 
     </span>
     <span class='ocr_line' id='line_1_6' title="bbox 298 907 1436 996; baseline 0.001 -25"><span class='ocrx_word' id='word_1_37' title='bbox 298 909 390 972; x_wconf 90' lang='lat' dir='ltr'><strong>tinua</strong></span> <span class='ocrx_word' id='word_1_38' title='bbox 405 909 462 973; x_wconf 91' lang='lat' dir='ltr'><strong>illa</strong></span> <span class='ocrx_word' id='word_1_39' title='bbox 477 909 668 996; x_wconf 81' lang='lat' dir='ltr'><strong>paraphrasi</strong></span> <span class='ocrx_word' id='word_1_40' title='bbox 689 909 886 974; x_wconf 85' lang='lat' dir='ltr'><strong>effluxerint.</strong></span> <span class='ocrx_word' id='word_1_41' title='bbox 921 907 1016 982; x_wconf 84' lang='lat' dir='ltr'><strong>Quod</strong></span> <span class='ocrx_word' id='word_1_42' title='bbox 1032 929 1128 992; x_wconf 94' lang='lat' dir='ltr'><strong>quam</strong></span> <span class='ocrx_word' id='word_1_43' title='bbox 1149 914 1239 973; x_wconf 90' lang='lat' dir='ltr'><strong>recte</strong></span> <span class='ocrx_word' id='word_1_44' title='bbox 1255 911 1436 983; x_wconf 76' lang='lat' dir='ltr'><strong>statuerim,</strong></span> 
     </span>
     <span class='ocr_line' id='line_1_7' title="bbox 299 1011 1438 1098; baseline 0 -22"><span class='ocrx_word' id='word_1_45' title='bbox 299 1033 363 1076; x_wconf 91' lang='lat' dir='ltr'><strong>uno</strong></span> <span class='ocrx_word' id='word_1_46' title='bbox 382 1019 415 1077; x_wconf 92' lang='lat' dir='ltr'><strong>et</strong></span> <span class='ocrx_word' id='word_1_47' title='bbox 432 1013 616 1077; x_wconf 91' lang='lat' dir='ltr'><strong>certissimo</strong></span> <span class='ocrx_word' id='word_1_48' title='bbox 633 1015 786 1098; x_wconf 86' lang='lat' dir='ltr'><strong>exemplo</strong></span> <span class='ocrx_word' id='word_1_49' title='bbox 804 1011 1016 1077; x_wconf 86' lang='lat' dir='ltr'><strong>confirmabo:</strong></span> <span class='ocrx_word' id='word_1_50' title='bbox 1041 1012 1211 1078; x_wconf 82' lang='lat' dir='ltr'><strong>Habemus</strong></span> <span class='ocrx_word' id='word_1_51' title='bbox 1228 1013 1269 1077; x_wconf 89' lang='lat' dir='ltr'><strong>ad</strong></span> <span class='ocrx_word' id='word_1_52' title='bbox 1289 1011 1339 1080; x_wconf 86' lang='lat' dir='ltr'><strong>Id.</strong></span> <span class='ocrx_word' id='word_1_53' title='bbox 1350 1011 1438 1077; x_wconf 87' lang='lat' dir='ltr'><strong>XIII</strong></span> 
     </span>
     <span class='ocr_line' id='line_1_8' title="bbox 302 1115 900 1201; baseline 0.002 -24"><span class='ocrx_word' id='word_1_54' title='bbox 302 1118 340 1177; x_wconf 85' lang='lat'><strong>10</strong></span> <span class='ocrx_word' id='word_1_55' title='bbox 364 1115 415 1200; x_wconf 90' lang='lat' dir='ltr'><strong>(Z.</strong></span> <span class='ocrx_word' id='word_1_56' title='bbox 439 1138 469 1200; x_wconf 93' lang='lat' dir='ltr'><strong>p.</strong></span> <span class='ocrx_word' id='word_1_57' title='bbox 485 1115 538 1200; x_wconf 82' lang='lat'><strong>79)</strong></span> <span class='ocrx_word' id='word_1_58' title='bbox 563 1115 647 1180; x_wconf 89' lang='lat' dir='ltr'><strong>hanc</strong></span> <span class='ocrx_word' id='word_1_59' title='bbox 671 1116 900 1201; x_wconf 88' lang='lat' dir='ltr'><strong>paraphrasin:</strong></span> 
     </span>
    </p>

    <p class='ocr_par' dir='ltr' id='par_1_4' title="bbox 297 1210 1439 2237">
     <span class='ocr_line' id='line_1_9' title="bbox 386 1210 1436 1306; baseline -0.003 -20"><span class='ocrx_word' id='word_1_60' title='bbox 386 1232 472 1306; x_wconf 81' lang='grc' dir='ltr'><em>Χωρὶς</em></span> <span class='ocrx_word' id='word_1_61' title='bbox 490 1231 531 1288; x_wconf 45' lang='grc' dir='ltr'><strong>οἵ·</strong></span> <span class='ocrx_word' id='word_1_62' title='bbox 551 1211 723 1298; x_wconf 76' lang='grc' dir='ltr'><em>οὐδέποτε,</em></span> <span class='ocrx_word' id='word_1_63' title='bbox 747 1214 863 1305; x_wconf 85' lang='grc' dir='ltr'><em>φησίν,</em></span> <span class='ocrx_word' id='word_1_64' title='bbox 891 1216 909 1282; x_wconf 86' lang='lat' dir='ltr'><strong>d</strong></span> <span class='ocrx_word' id='word_1_65' title='bbox 931 1211 1098 1306; x_wconf 76' lang='grc' dir='ltr'><em>Ἡρακλῆς</em></span> <span class='ocrx_word' id='word_1_66' title='bbox 1126 1210 1227 1282; x_wconf 75' lang='grc' dir='ltr'><em>αὐτοῦ</em></span> <span class='ocrx_word' id='word_1_67' title='bbox 1254 1213 1436 1304; x_wconf 78' lang='grc' dir='ltr'><em>ἐχωρίζετο,</em></span> 
     </span>
     <span class='ocr_line' id='line_1_10' title="bbox 299 1309 1438 1409; baseline -0.001 -22"><span class='ocrx_word' id='word_1_68' title='bbox 299 1309 376 1388; x_wconf 77' lang='grc' dir='ltr'><strong>οὗδὲ</strong></span> <span class='ocrx_word' id='word_1_69' title='bbox 403 1317 566 1409; x_wconf 79' lang='grc' dir='ltr'><em>μεσούσης</em></span> <span class='ocrx_word' id='word_1_70' title='bbox 592 1321 650 1408; x_wconf 78' lang='grc' dir='ltr'><strong>τῆς</strong></span> <span class='ocrx_word' id='word_1_71' title='bbox 676 1318 813 1408; x_wconf 76' lang='grc' dir='ltr'><em>ἡμέρας,</em></span> <span class='ocrx_word' id='word_1_72' title='bbox 844 1315 920 1387; x_wconf 79' lang='grc' dir='ltr'><em>οὐδὲ</em></span> <span class='ocrx_word' id='word_1_73' title='bbox 940 1325 1015 1399; x_wconf 87' lang='grc' dir='ltr'><em>ταῖς</em></span> <span class='ocrx_word' id='word_1_74' title='bbox 1037 1317 1195 1399; x_wconf 73' lang='grc' dir='ltr'><em>ἑωθινοῖς</em></span> <span class='ocrx_word' id='word_1_75' title='bbox 1217 1315 1329 1405; x_wconf 75' lang='grc' dir='ltr'><em>ὥραις,</em></span> <span class='ocrx_word' id='word_1_76' title='bbox 1362 1314 1438 1386; x_wconf 73' lang='lat' dir='ltr'><strong>odas</strong></span> 
     </span>
     <span class='ocr_line' id='line_1_11' title="bbox 300 1415 1438 1514; baseline -0.003 -22"><span class='ocrx_word' id='word_1_77' title='bbox 300 1421 409 1513; x_wconf 72' lang='lat' dir='ltr'><strong>laced]</strong></span> <span class='ocrx_word' id='word_1_78' title='bbox 434 1421 491 1492; x_wconf 86' lang='grc' dir='ltr'><strong>τὸν</strong></span> <span class='ocrx_word' id='word_1_79' title='bbox 516 1421 644 1511; x_wconf 80' lang='grc' dir='ltr'><em>καιρόν,</em></span> <span class='ocrx_word' id='word_1_80' title='bbox 677 1418 754 1490; x_wconf 73' lang='grc' dir='ltr'><strong>καθ’</strong></span> <span class='ocrx_word' id='word_1_81' title='bbox 786 1415 884 1492; x_wconf 79' lang='grc' dir='ltr'><em>δνσὶ</em></span> <span class='ocrx_word' id='word_1_82' title='bbox 907 1424 1036 1491; x_wconf 84' lang='grc' dir='ltr'><em>νεοσσοὶ</em></span> <span class='ocrx_word' id='word_1_83' title='bbox 1067 1421 1100 1491; x_wconf 77' lang='grc' dir='ltr'><strong>οἱ</strong></span> <span class='ocrx_word' id='word_1_84' title='bbox 1123 1423 1157 1490; x_wconf 80' lang='grc' dir='ltr'><strong>ἐν</strong></span> <span class='ocrx_word' id='word_1_85' title='bbox 1186 1421 1344 1514; x_wconf 78' lang='grc' dir='ltr'><em>οἰκήματί</em></span> <span class='ocrx_word' id='word_1_86' title='bbox 1370 1450 1438 1490; x_wconf 89' lang='grc' dir='ltr'><em>τινι</em></span> 
     </span>
     <span class='ocr_line' id='line_1_12' title="bbox 299 1521 1439 1618; baseline -0.002 -23"><span class='ocrx_word' id='word_1_87' title='bbox 299 1523 388 1607; x_wconf 74' lang='grc' dir='ltr'><em>ὄντες</em></span> <span class='ocrx_word' id='word_1_88' title='bbox 422 1521 647 1614; x_wconf 77' lang='grc' dir='ltr'><em>ἀποβλέποιεν</em></span> <span class='ocrx_word' id='word_1_89' title='bbox 680 1525 727 1607; x_wconf 82' lang='grc' dir='ltr'><strong>εἰς</strong></span> <span class='ocrx_word' id='word_1_90' title='bbox 759 1524 819 1618; x_wconf 83' lang='grc' dir='ltr'><strong>τὴν</strong></span> <span class='ocrx_word' id='word_1_91' title='bbox 849 1525 975 1616; x_wconf 76' lang='grc' dir='ltr'><em>κοίτην,</em></span> <span class='ocrx_word' id='word_1_92' title='bbox 1015 1527 1346 1616; x_wconf 85' lang='grc' dir='ltr'><em>πτεροσσομὲνης</em></span> <span class='ocrx_word' id='word_1_93' title='bbox 1377 1531 1439 1617; x_wconf 79' lang='grc' dir='ltr'><strong>τῆς</strong></span> 
     </span>
     <span class='ocr_line' id='line_1_13' title="bbox 298 1625 1437 1722; baseline 0 -24"><span class='ocrx_word' id='word_1_94' title='bbox 298 1628 420 1721; x_wconf 87' lang='grc' dir='ltr'><em>μητρὸς</em></span> <span class='ocrx_word' id='word_1_95' title='bbox 442 1631 499 1698; x_wconf 79' lang='grc' dir='ltr'><strong>καὶ</strong></span> <span class='ocrx_word' id='word_1_96' title='bbox 523 1632 641 1699; x_wconf 84' lang='grc' dir='ltr'><em>λοιπὸν</em></span> <span class='ocrx_word' id='word_1_97' title='bbox 664 1625 907 1722; x_wconf 73' lang='grc' dir='ltr'><em>ἀναχωρούσης,</em></span> <span class='ocrx_word' id='word_1_98' title='bbox 938 1628 997 1721; x_wconf 78' lang='grc' dir='ltr'><strong>τὴν</strong></span> <span class='ocrx_word' id='word_1_99' title='bbox 1019 1628 1208 1698; x_wconf 77' lang='grc' dir='ltr'><em>τελευταίαν</em></span> <span class='ocrx_word' id='word_1_100' title='bbox 1234 1627 1437 1716; x_wconf 77' lang='grc' dir='ltr'><em>ἐνδεχόμενοι</em></span> 
     </span>
     <span class='ocr_line' id='line_1_14' title="bbox 298 1732 1439 1824; baseline 0 -22"><span class='ocrx_word' id='word_1_101' title='bbox 298 1732 432 1824; x_wconf 78' lang='grc' dir='ltr'><em>τροφήν.</em></span> <span class='ocrx_word' id='word_1_102' title='bbox 485 1736 639 1822; x_wconf 82' lang='lat' dir='ltr'><strong>Sequitur</strong></span> <span class='ocrx_word' id='word_1_103' title='bbox 665 1736 784 1801; x_wconf 89' lang='lat' dir='ltr'><strong>deinde</strong></span> <span class='ocrx_word' id='word_1_104' title='bbox 814 1738 855 1801; x_wconf 90' lang='lat' dir='ltr'><strong>ad</strong></span> <span class='ocrx_word' id='word_1_105' title='bbox 880 1759 911 1801; x_wconf 84' lang='lat' dir='ltr'><strong>v.</strong></span> <span class='ocrx_word' id='word_1_106' title='bbox 935 1739 973 1800; x_wconf 86' lang='lat'><strong>13</strong></span> <span class='ocrx_word' id='word_1_107' title='bbox 1003 1736 1161 1801; x_wconf 90' lang='lat' dir='ltr'><strong>scholium</strong></span> <span class='ocrx_word' id='word_1_108' title='bbox 1194 1738 1360 1822; x_wconf 88' lang='lat' dir='ltr'><strong>pertinens</strong></span> <span class='ocrx_word' id='word_1_109' title='bbox 1396 1738 1439 1802; x_wconf 93' lang='lat' dir='ltr'><strong>ad</strong></span> 
     </span>
     <span class='ocr_line' id='line_1_15' title="bbox 298 1838 1437 1926; baseline 0 -22"><span class='ocrx_word' id='word_1_110' title='bbox 298 1862 412 1905; x_wconf 91' lang='lat' dir='ltr'><strong>vocem</strong></span> <span class='ocrx_word' id='word_1_111' title='bbox 440 1838 650 1924; x_wconf 82' lang='grc' dir='ltr'><em>σεισαμένας,</em></span> <span class='ocrx_word' id='word_1_112' title='bbox 686 1840 772 1925; x_wconf 94' lang='lat' dir='ltr'><strong>quod</strong></span> <span class='ocrx_word' id='word_1_113' title='bbox 802 1841 919 1924; x_wconf 88' lang='lat' dir='ltr'><strong>partim</strong></span> <span class='ocrx_word' id='word_1_114' title='bbox 949 1840 1158 1926; x_wconf 87' lang='lat' dir='ltr'><strong>desumptum</strong></span> <span class='ocrx_word' id='word_1_115' title='bbox 1191 1847 1243 1905; x_wconf 91' lang='lat' dir='ltr'><strong>est</strong></span> <span class='ocrx_word' id='word_1_116' title='bbox 1270 1863 1312 1905; x_wconf 86' lang='lat' dir='ltr'><strong>ex</strong></span> <span class='ocrx_word' id='word_1_117' title='bbox 1338 1862 1437 1926; x_wconf 89' lang='lat' dir='ltr'><strong>para-</strong></span> 
     </span>
     <span class='ocr_line' id='line_1_16' title="bbox 297 1941 1438 2031; baseline 0.002 -23"><span class='ocrx_word' id='word_1_118' title='bbox 297 1945 409 2029; x_wconf 91' lang='lat' dir='ltr'><strong>phrasi</strong></span> <span class='ocrx_word' id='word_1_119' title='bbox 432 1943 474 2008; x_wconf 89' lang='lat' dir='ltr'><strong>ad</strong></span> <span class='ocrx_word' id='word_1_120' title='bbox 497 1966 527 2007; x_wconf 86' lang='lat' dir='ltr'><strong>v.</strong></span> <span class='ocrx_word' id='word_1_121' title='bbox 548 1947 586 2008; x_wconf 88' lang='lat'><strong>10</strong></span> <span class='ocrx_word' id='word_1_122' title='bbox 609 1941 911 2030; x_wconf 81' lang='grc' dir='ltr'><em>(πτερυσσομένης),</em></span> <span class='ocrx_word' id='word_1_123' title='bbox 939 1945 1057 2030; x_wconf 74' lang='grc' dir='ltr'><em>μετείω</em></span> <span class='ocrx_word' id='word_1_124' title='bbox 1079 1945 1216 2031; x_wconf 88' lang='lat' dir='ltr'><strong>propriis</strong></span> <span class='ocrx_word' id='word_1_125' title='bbox 1240 1945 1438 2010; x_wconf 79' lang='lat' dir='ltr'><strong>scholiastae</strong></span> 
     </span>
     <span class='ocr_line' id='line_1_17' title="bbox 297 2044 1438 2134; baseline 0.002 -24"><span class='ocrx_word' id='word_1_126' title='bbox 297 2048 433 2111; x_wconf 90' lang='lat' dir='ltr'><strong>alicuius</strong></span> <span class='ocrx_word' id='word_1_127' title='bbox 476 2046 709 2132; x_wconf 88' lang='lat' dir='ltr'><strong>additamentis</strong></span> <span class='ocrx_word' id='word_1_128' title='bbox 754 2053 898 2110; x_wconf 88' lang='lat' dir='ltr'><strong>auctum:</strong></span> <span class='ocrx_word' id='word_1_129' title='bbox 943 2062 1123 2132; x_wconf 79' lang='grc' dir='ltr'><strong>Σεισαμένας.·</strong></span> <span class='ocrx_word' id='word_1_130' title='bbox 1165 2044 1438 2134; x_wconf 84' lang='grc' dir='ltr'><em>πτεροσσομὲνης,</em></span> 
     </span>
     <span class='ocr_line' id='line_1_18' title="bbox 298 2142 1172 2237; baseline 0.001 -23"><span class='ocrx_word' id='word_1_131' title='bbox 298 2144 392 2228; x_wconf 79' lang='grc' dir='ltr'><em>ὅπως</em></span> <span class='ocrx_word' id='word_1_132' title='bbox 414 2142 481 2216; x_wconf 72' lang='grc' dir='ltr'><strong>ὑπὸ</strong></span> <span class='ocrx_word' id='word_1_133' title='bbox 504 2145 564 2228; x_wconf 82' lang='grc' dir='ltr'><strong>τὰς</strong></span> <span class='ocrx_word' id='word_1_134' title='bbox 586 2147 748 2236; x_wconf 71' lang='grc' dir='ltr'><em>πτέρυγας</em></span> <span class='ocrx_word' id='word_1_135' title='bbox 769 2145 845 2228; x_wconf 81' lang='grc' dir='ltr'><em>τοὺς</em></span> <span class='ocrx_word' id='word_1_136' title='bbox 867 2145 1020 2228; x_wconf 73' lang='grc' dir='ltr'><em>νεοσσοὺς</em></span> <span class='ocrx_word' id='word_1_137' title='bbox 1041 2144 1172 2237; x_wconf 50' lang='lat' dir='ltr'><strong>locst).</strong></span> 
     </span>
    </p>

    <p class='ocr_par' dir='ltr' id='par_1_5' title="bbox 297 2254 1525 3588">
     <span class='ocr_line' id='line_1_19' title="bbox 383 2254 1438 2340; baseline 0.002 -22"><span class='ocrx_word' id='word_1_138' title='bbox 383 2254 494 2340; x_wconf 88' lang='lat' dir='ltr'><strong>Atque</strong></span> <span class='ocrx_word' id='word_1_139' title='bbox 519 2255 616 2319; x_wconf 93' lang='lat' dir='ltr'><strong>simili</strong></span> <span class='ocrx_word' id='word_1_140' title='bbox 630 2255 727 2319; x_wconf 92' lang='lat' dir='ltr'><strong>modo</strong></span> <span class='ocrx_word' id='word_1_141' title='bbox 751 2256 860 2318; x_wconf 91' lang='lat' dir='ltr'><strong>nescio</strong></span> <span class='ocrx_word' id='word_1_142' title='bbox 885 2277 927 2318; x_wconf 91' lang='lat' dir='ltr'><strong>an</strong></span> <span class='ocrx_word' id='word_1_143' title='bbox 950 2256 1054 2318; x_wconf 90' lang='lat' dir='ltr'><strong>multa</strong></span> <span class='ocrx_word' id='word_1_144' title='bbox 1077 2274 1119 2318; x_wconf 86' lang='lat' dir='ltr'><strong>ex</strong></span> <span class='ocrx_word' id='word_1_145' title='bbox 1141 2256 1347 2320; x_wconf 88' lang='lat' dir='ltr'><strong>brevioribus</strong></span> <span class='ocrx_word' id='word_1_146' title='bbox 1371 2257 1438 2320; x_wconf 91' lang='lat' dir='ltr'><strong>illis</strong></span> 
     </span>
     <span class='ocr_line' id='line_1_20' title="bbox 299 2357 1436 2444; baseline 0.002 -23"><span class='ocrx_word' id='word_1_147' title='bbox 299 2357 449 2439; x_wconf 80' lang='lat' dir='ltr'><strong>scholiis,</strong></span> <span class='ocrx_word' id='word_1_148' title='bbox 478 2379 561 2443; x_wconf 89' lang='lat' dir='ltr'><strong>quae</strong></span> <span class='ocrx_word' id='word_1_149' title='bbox 594 2358 635 2421; x_wconf 88' lang='lat' dir='ltr'><strong>ad</strong></span> <span class='ocrx_word' id='word_1_150' title='bbox 664 2359 794 2442; x_wconf 87' lang='lat' dir='ltr'><strong>singula</strong></span> <span class='ocrx_word' id='word_1_151' title='bbox 825 2359 986 2423; x_wconf 82' lang='lat' dir='ltr'><strong>vocabula</strong></span> <span class='ocrx_word' id='word_1_152' title='bbox 1017 2364 1182 2444; x_wconf 88' lang='lat' dir='ltr'><strong>spectant,</strong></span> <span class='ocrx_word' id='word_1_153' title='bbox 1214 2364 1329 2423; x_wconf 89' lang='lat' dir='ltr'><strong>exorta</strong></span> <span class='ocrx_word' id='word_1_154' title='bbox 1359 2360 1436 2423; x_wconf 89' lang='lat' dir='ltr'><strong>sint.</strong></span> 
     </span>
     <span class='ocr_line' id='line_1_21' title="bbox 297 2461 1437 2548; baseline 0.002 -23"><span class='ocrx_word' id='word_1_155' title='bbox 297 2461 553 2526; x_wconf 90' lang='lat' dir='ltr'><strong>Introducuntur</strong></span> <span class='ocrx_word' id='word_1_156' title='bbox 575 2469 687 2527; x_wconf 89' lang='lat' dir='ltr'><strong>autem</strong></span> <span class='ocrx_word' id='word_1_157' title='bbox 709 2463 771 2527; x_wconf 88' lang='lat' dir='ltr'><strong>hae</strong></span> <span class='ocrx_word' id='word_1_158' title='bbox 802 2463 1040 2548; x_wconf 85' lang='lat' dir='ltr'><strong>explicationes</strong></span> <span class='ocrx_word' id='word_1_159' title='bbox 1068 2482 1305 2548; x_wconf 85' lang='lat' dir='ltr'><strong>saepenumero</strong></span> <span class='ocrx_word' id='word_1_160' title='bbox 1327 2464 1437 2528; x_wconf 87' lang='lat' dir='ltr'><strong>verbis</strong></span> 
     </span>
     <span class='ocr_line' id='line_1_22' title="bbox 297 2557 1525 2656; baseline 0.002 -28"><span class='ocrx_word' id='word_1_161' title='bbox 297 2557 369 2628; x_wconf 80' lang='grc' dir='ltr'><em>ἀντὶ</em></span> <span class='ocrx_word' id='word_1_162' title='bbox 381 2567 449 2646; x_wconf 84' lang='grc' dir='ltr'><em>τοῦ,</em></span> <span class='ocrx_word' id='word_1_163' title='bbox 463 2586 688 2650; x_wconf 84' lang='lat' dir='ltr'><strong>nonnusquam</strong></span> <span class='ocrx_word' id='word_1_164' title='bbox 703 2566 866 2631; x_wconf 85' lang='lat' dir='ltr'><strong>adverbiis</strong></span> <span class='ocrx_word' id='word_1_165' title='bbox 879 2559 962 2652; x_wconf 75' lang='grc' dir='ltr'><em>ἤτοι,</em></span> <span class='ocrx_word' id='word_1_166' title='bbox 976 2558 1081 2652; x_wconf 73' lang='grc' dir='ltr'><em>ἤγουν,</em></span> <span class='ocrx_word' id='word_1_167' title='bbox 1098 2565 1266 2631; x_wconf 89' lang='lat' dir='ltr'><strong>similibus.</strong></span> <span class='ocrx_word' id='word_1_168' title='bbox 1296 2566 1349 2630; x_wconf 82' lang='lat' dir='ltr'><strong>Ex</strong></span> <span class='ocrx_word' id='word_1_169' title='bbox 1362 2569 1436 2631; x_wconf 91' lang='lat' dir='ltr'><strong>loco</strong></span> <span class='ocrx_word' id='word_1_170' title='bbox 1524 2641 1525 2656; x_wconf 50' lang='lat'><strong>,</strong></span> 
     </span>
     <span class='ocr_line' id='line_1_23' title="bbox 298 2669 1437 2754; baseline 0.002 -20"><span class='ocrx_word' id='word_1_171' title='bbox 298 2676 417 2751; x_wconf 88' lang='lat' dir='ltr'><strong>autem,</strong></span> <span class='ocrx_word' id='word_1_172' title='bbox 441 2690 537 2753; x_wconf 92' lang='lat' dir='ltr'><strong>quem</strong></span> <span class='ocrx_word' id='word_1_173' title='bbox 561 2669 644 2735; x_wconf 88' lang='lat' dir='ltr'><strong>haec</strong></span> <span class='ocrx_word' id='word_1_174' title='bbox 669 2669 825 2734; x_wconf 89' lang='lat' dir='ltr'><strong>adverbia</strong></span> <span class='ocrx_word' id='word_1_175' title='bbox 846 2671 879 2734; x_wconf 91' lang='lat' dir='ltr'><strong>in</strong></span> <span class='ocrx_word' id='word_1_176' title='bbox 901 2670 998 2733; x_wconf 92' lang='lat' dir='ltr'><strong>huius</strong></span> <span class='ocrx_word' id='word_1_177' title='bbox 1022 2671 1154 2754; x_wconf 87' lang='lat' dir='ltr'><strong>generis</strong></span> <span class='ocrx_word' id='word_1_178' title='bbox 1179 2670 1311 2734; x_wconf 87' lang='lat' dir='ltr'><strong>scholiis</strong></span> <span class='ocrx_word' id='word_1_179' title='bbox 1335 2692 1437 2736; x_wconf 90' lang='lat' dir='ltr'><strong>occu-</strong></span> 
     </span>
     <span class='ocr_line' id='line_1_24' title="bbox 298 2773 1434 2862; baseline 0.004 -26"><span class='ocrx_word' id='word_1_180' title='bbox 298 2780 388 2859; x_wconf 90' lang='lat' dir='ltr'><strong>pant,</strong></span> <span class='ocrx_word' id='word_1_181' title='bbox 404 2773 491 2837; x_wconf 91' lang='lat' dir='ltr'><strong>haud</strong></span> <span class='ocrx_word' id='word_1_182' title='bbox 505 2775 571 2839; x_wconf 90' lang='lat' dir='ltr'><strong>scio</strong></span> <span class='ocrx_word' id='word_1_183' title='bbox 584 2797 626 2839; x_wconf 90' lang='lat' dir='ltr'><strong>an</strong></span> <span class='ocrx_word' id='word_1_184' title='bbox 639 2774 788 2839; x_wconf 91' lang='lat' dir='ltr'><strong>concludi</strong></span> <span class='ocrx_word' id='word_1_185' title='bbox 800 2775 911 2861; x_wconf 91' lang='lat' dir='ltr'><strong>possit,</strong></span> <span class='ocrx_word' id='word_1_186' title='bbox 928 2794 1012 2858; x_wconf 92' lang='lat' dir='ltr'><strong>quae</strong></span> <span class='ocrx_word' id='word_1_187' title='bbox 1025 2775 1123 2837; x_wconf 85' lang='lat' dir='ltr'><strong>fuerit</strong></span> <span class='ocrx_word' id='word_1_188' title='bbox 1140 2775 1341 2858; x_wconf 86' lang='lat' dir='ltr'><strong>singularum</strong></span> <span class='ocrx_word' id='word_1_189' title='bbox 1358 2798 1434 2862; x_wconf 89' lang='lat' dir='ltr'><strong>par-</strong></span> 
     </span>
     <span class='ocr_line' id='line_1_25' title="bbox 298 2877 1436 2964; baseline 0.002 -24"><span class='ocrx_word' id='word_1_190' title='bbox 298 2878 379 2940; x_wconf 93' lang='lat' dir='ltr'><strong>tium</strong></span> <span class='ocrx_word' id='word_1_191' title='bbox 398 2878 497 2962; x_wconf 86' lang='lat' dir='ltr'><strong>origo.</strong></span> <span class='ocrx_word' id='word_1_192' title='bbox 531 2877 612 2942; x_wconf 91' lang='lat' dir='ltr'><strong>Mihi</strong></span> <span class='ocrx_word' id='word_1_193' title='bbox 637 2878 768 2964; x_wconf 90' lang='lat' dir='ltr'><strong>quidem</strong></span> <span class='ocrx_word' id='word_1_194' title='bbox 789 2877 919 2944; x_wconf 84' lang='lat' dir='ltr'><strong>videtur</strong></span> <span class='ocrx_word' id='word_1_195' title='bbox 935 2877 1140 2957; x_wconf 86' lang='lat' dir='ltr'><strong>scholiorum,</strong></span> <span class='ocrx_word' id='word_1_196' title='bbox 1165 2898 1248 2962; x_wconf 88' lang='lat' dir='ltr'><strong>quae</strong></span> <span class='ocrx_word' id='word_1_197' title='bbox 1269 2879 1304 2944; x_wconf 91' lang='lat' dir='ltr'><strong>in</strong></span> <span class='ocrx_word' id='word_1_198' title='bbox 1319 2879 1436 2942; x_wconf 90' lang='lat' dir='ltr'><strong>mediis</strong></span> 
     </span>
     <span class='ocr_line' id='line_1_26' title="bbox 297 2981 1436 3068; baseline 0.002 -23"><span class='ocrx_word' id='word_1_199' title='bbox 297 2982 406 3045; x_wconf 83' lang='lat' dir='ltr'><strong>verbis</strong></span> <span class='ocrx_word' id='word_1_200' title='bbox 430 2981 510 3045; x_wconf 91' lang='lat' dir='ltr'><strong>haec</strong></span> <span class='ocrx_word' id='word_1_201' title='bbox 540 2983 696 3047; x_wconf 88' lang='lat' dir='ltr'><strong>adverbia</strong></span> <span class='ocrx_word' id='word_1_202' title='bbox 723 2983 860 3063; x_wconf 88' lang='lat' dir='ltr'><strong>habent,</strong></span> <span class='ocrx_word' id='word_1_203' title='bbox 894 2982 983 3068; x_wconf 89' lang='lat' dir='ltr'><strong>prior</strong></span> <span class='ocrx_word' id='word_1_204' title='bbox 1005 3002 1082 3067; x_wconf 91' lang='lat' dir='ltr'><strong>pars</strong></span> <span class='ocrx_word' id='word_1_205' title='bbox 1107 3002 1149 3045; x_wconf 85' lang='lat' dir='ltr'><strong>ex</strong></span> <span class='ocrx_word' id='word_1_206' title='bbox 1171 2983 1314 3065; x_wconf 85' lang='lat' dir='ltr'><strong>genuina</strong></span> <span class='ocrx_word' id='word_1_207' title='bbox 1336 3003 1436 3068; x_wconf 89' lang='lat' dir='ltr'><strong>para-</strong></span> 
     </span>
     <span class='ocr_line' id='line_1_27' title="bbox 298 3080 1437 3172; baseline 0.004 -26"><span class='ocrx_word' id='word_1_208' title='bbox 298 3084 409 3170; x_wconf 87' lang='lat' dir='ltr'><strong>phrasi</strong></span> <span class='ocrx_word' id='word_1_209' title='bbox 431 3084 565 3166; x_wconf 89' lang='lat' dir='ltr'><strong>hausta,</strong></span> <span class='ocrx_word' id='word_1_210' title='bbox 595 3087 699 3150; x_wconf 89' lang='lat' dir='ltr'><strong>altera</strong></span> <span class='ocrx_word' id='word_1_211' title='bbox 722 3108 806 3171; x_wconf 91' lang='lat' dir='ltr'><strong>quae</strong></span> <span class='ocrx_word' id='word_1_212' title='bbox 829 3092 903 3171; x_wconf 88' lang='lat' dir='ltr'><strong>post</strong></span> <span class='ocrx_word' id='word_1_213' title='bbox 926 3080 998 3149; x_wconf 82' lang='grc' dir='ltr'><em>ἀντὶ</em></span> <span class='ocrx_word' id='word_1_214' title='bbox 1021 3085 1080 3150; x_wconf 80' lang='grc' dir='ltr'><strong>τοῦ</strong></span> <span class='ocrx_word' id='word_1_215' title='bbox 1104 3092 1166 3150; x_wconf 90' lang='lat' dir='ltr'><strong>etc.</strong></span> <span class='ocrx_word' id='word_1_216' title='bbox 1190 3086 1337 3171; x_wconf 88' lang='lat' dir='ltr'><strong>sequitur</strong></span> <span class='ocrx_word' id='word_1_217' title='bbox 1359 3109 1437 3172; x_wconf 89' lang='lat' dir='ltr'><strong>pars</strong></span> 
     </span>
     <span class='ocr_line' id='line_1_28' title="bbox 298 3185 1523 3276; baseline 0 -25"><span class='ocrx_word' id='word_1_218' title='bbox 298 3187 410 3252; x_wconf 88' lang='lat' dir='ltr'><strong>deberi</strong></span> <span class='ocrx_word' id='word_1_219' title='bbox 426 3190 522 3253; x_wconf 90' lang='lat' dir='ltr'><strong>alicui</strong></span> <span class='ocrx_word' id='word_1_220' title='bbox 539 3211 581 3254; x_wconf 86' lang='lat' dir='ltr'><strong>ex</strong></span> <span class='ocrx_word' id='word_1_221' title='bbox 596 3191 834 3255; x_wconf 90' lang='lat' dir='ltr'><strong>recentioribus</strong></span> <span class='ocrx_word' id='word_1_222' title='bbox 853 3190 1048 3257; x_wconf 89' lang='lat' dir='ltr'><strong>scholiastis.</strong></span> <span class='ocrx_word' id='word_1_223' title='bbox 1080 3189 1207 3274; x_wconf 90' lang='lat' dir='ltr'><strong>Itaque,</strong></span> <span class='ocrx_word' id='word_1_224' title='bbox 1230 3195 1267 3254; x_wconf 91' lang='lat' dir='ltr'><strong>ut</strong></span> <span class='ocrx_word' id='word_1_225' title='bbox 1283 3192 1437 3276; x_wconf 85' lang='lat' dir='ltr'><strong>exemplo</strong></span> <span class='ocrx_word' id='word_1_226' title='bbox 1522 3185 1523 3251; x_wconf 68' lang='lat' dir='ltr'><strong>l</strong></span> 
     </span>
     <span class='ocr_line' id='line_1_29' title="bbox 298 3288 1438 3381; baseline 0.004 -27"><span class='ocrx_word' id='word_1_227' title='bbox 298 3298 382 3372; x_wconf 88' lang='lat' dir='ltr'><strong>utar,</strong></span> <span class='ocrx_word' id='word_1_228' title='bbox 406 3292 522 3357; x_wconf 91' lang='lat' dir='ltr'><strong>scholii</strong></span> <span class='ocrx_word' id='word_1_229' title='bbox 543 3292 592 3359; x_wconf 91' lang='lat' dir='ltr'><strong>Id.</strong></span> <span class='ocrx_word' id='word_1_230' title='bbox 614 3292 631 3356; x_wconf 97' lang='lat' dir='ltr'><strong>I</strong></span> <span class='ocrx_word' id='word_1_231' title='bbox 656 3298 716 3358; x_wconf 87' lang='lat'><strong>150</strong></span> <span class='ocrx_word' id='word_1_232' title='bbox 740 3295 792 3377; x_wconf 77' lang='lat' dir='ltr'><strong>(Z.</strong></span> <span class='ocrx_word' id='word_1_233' title='bbox 815 3317 846 3380; x_wconf 95' lang='lat' dir='ltr'><strong>p.</strong></span> <span class='ocrx_word' id='word_1_234' title='bbox 866 3294 932 3377; x_wconf 90' lang='lat' dir='ltr'><strong>l8):</strong></span> <span class='ocrx_word' id='word_1_235' title='bbox 957 3309 1104 3379; x_wconf 67' lang='lat' dir='ltr'><strong>Kodrana:</strong></span> <span class='ocrx_word' id='word_1_236' title='bbox 1124 3291 1183 3357; x_wconf 78' lang='grc' dir='ltr'><strong>ἐπὶ</strong></span> <span class='ocrx_word' id='word_1_237' title='bbox 1206 3288 1338 3381; x_wconf 77' lang='grc' dir='ltr'><em>κρήναις</em></span> <span class='ocrx_word' id='word_1_238' title='bbox 1360 3299 1438 3372; x_wconf 86' lang='grc' dir='ltr'><em>ταῖς</em></span> 
     </span>
     <span class='ocr_line' id='line_1_30' title="bbox 298 3388 1522 3492; baseline 0.003 -34"><span class='ocrx_word' id='word_1_239' title='bbox 298 3395 363 3459; x_wconf 81' lang='grc' dir='ltr'><strong>τῶν</strong></span> <span class='ocrx_word' id='word_1_240' title='bbox 387 3388 491 3482; x_wconf 78' lang='grc' dir='ltr'><em>Ὡρῶν</em></span> <span class='ocrx_word' id='word_1_241' title='bbox 519 3390 627 3475; x_wconf 81' lang='grc' dir='ltr'><em>δόξεις</em></span> <span class='ocrx_word' id='word_1_242' title='bbox 653 3389 734 3463; x_wconf 74' lang='grc' dir='ltr'><em>αὐτὸ</em></span> <span class='ocrx_word' id='word_1_243' title='bbox 762 3393 978 3478; x_wconf 77' lang='grc' dir='ltr'><em>πεπλύοθαι,</em></span> <span class='ocrx_word' id='word_1_244' title='bbox 1008 3390 1081 3462; x_wconf 72' lang='grc' dir='ltr'><em>ἀντὶ</em></span> <span class='ocrx_word' id='word_1_245' title='bbox 1111 3397 1170 3462; x_wconf 78' lang='grc' dir='ltr'><strong>τοῦ</strong></span> <span class='ocrx_word' id='word_1_246' title='bbox 1192 3394 1226 3460; x_wconf 78' lang='grc' dir='ltr'><strong>ἐν</strong></span> <span class='ocrx_word' id='word_1_247' title='bbox 1247 3392 1334 3483; x_wconf 73' lang='grc' dir='ltr'><em>ἔαρι,</em></span> <span class='ocrx_word' id='word_1_248' title='bbox 1358 3394 1435 3462; x_wconf 76' lang='grc' dir='ltr'><em>ἐπεὶ</em></span> <span class='ocrx_word' id='word_1_249' title='bbox 1521 3475 1522 3492; x_wconf 20' lang='grc' dir='ltr'>ἢ</span> 
     </span>
     <span class='ocr_line' id='line_1_31' title="bbox 299 3494 1522 3588; baseline 0 -23"><span class='ocrx_word' id='word_1_250' title='bbox 299 3494 397 3565; x_wconf 78' lang='grc' dir='ltr'><em>ἀνθεῖ</em></span> <span class='ocrx_word' id='word_1_251' title='bbox 427 3494 538 3564; x_wconf 82' lang='grc' dir='ltr'><em>πάντα</em></span> <span class='ocrx_word' id='word_1_252' title='bbox 568 3494 643 3565; x_wconf 88' lang='grc' dir='ltr'><em>τότε</em></span> <span class='ocrx_word' id='word_1_253' title='bbox 672 3502 781 3567; x_wconf 86' lang='lat' dir='ltr'><strong>verbis</strong></span> <span class='ocrx_word' id='word_1_254' title='bbox 814 3503 889 3567; x_wconf 93' lang='lat' dir='ltr'><strong>inde</strong></span> <span class='ocrx_word' id='word_1_255' title='bbox 923 3501 965 3566; x_wconf 88' lang='lat' dir='ltr'><strong>ab</strong></span> <span class='ocrx_word' id='word_1_256' title='bbox 997 3498 1056 3566; x_wconf 77' lang='grc' dir='ltr'><strong>ἐπὶ</strong></span> <span class='ocrx_word' id='word_1_257' title='bbox 1088 3495 1221 3588; x_wconf 79' lang='grc' dir='ltr'><em>κρήναις</em></span> <span class='ocrx_word' id='word_1_258' title='bbox 1254 3521 1357 3585; x_wconf 90' lang='lat' dir='ltr'><strong>usque</strong></span> <span class='ocrx_word' id='word_1_259' title='bbox 1393 3502 1435 3565; x_wconf 92' lang='lat' dir='ltr'><strong>ad</strong></span> <span class='ocrx_word' id='word_1_260' title='bbox 1521 3503 1522 3523; x_wconf 65' lang='lat'>¹</span> 
     </span>
    </p>
   </div>
   <div class='ocr_carea' id='block_1_4' title="bbox 298 3703 1520 4312">
    <p class='ocr_par' dir='ltr' id='par_1_6' title="bbox 298 3703 1520 4312">
     <span class='ocr_line' id='line_1_32' title="bbox 387 3703 859 3774; baseline 0.004 -16"><span class='ocrx_word' id='word_1_261' title='bbox 387 3707 408 3774; x_wconf 83' lang='lat'><strong>¹)</strong></span> <span class='ocrx_word' id='word_1_262' title='bbox 427 3703 480 3759; x_wconf 80' lang='lat' dir='ltr'><strong>cfr.</strong></span> <span class='ocrx_word' id='word_1_263' title='bbox 500 3704 615 3760; x_wconf 84' lang='lat' dir='ltr'><strong>Theoor.</strong></span> <span class='ocrx_word' id='word_1_264' title='bbox 634 3705 674 3760; x_wconf 88' lang='lat' dir='ltr'><strong>Id.</strong></span> <span class='ocrx_word' id='word_1_265' title='bbox 687 3706 726 3761; x_wconf 93' lang='lat' dir='ltr'><strong>IV</strong></span> <span class='ocrx_word' id='word_1_266' title='bbox 744 3707 859 3760; x_wconf 81' lang='lat'>29-31:</span> 
     </span>
     <span class='ocr_line' id='line_1_33' title="bbox 454 3787 1274 3862; baseline 0.002 -20"><span class='ocrx_word' id='word_1_267' title='bbox 454 3788 486 3844; x_wconf 82' lang='grc' dir='ltr'><strong>ον’</strong></span> <span class='ocrx_word' id='word_1_268' title='bbox 504 3790 572 3860; x_wconf 85' lang='grc' dir='ltr'><em>τήνα</em></span> <span class='ocrx_word' id='word_1_269' title='bbox 590 3787 625 3860; x_wconf 85' lang='grc' dir='ltr'><strong>γ’,</strong></span> <span class='ocrx_word' id='word_1_270' title='bbox 643 3787 682 3844; x_wconf 84' lang='grc' dir='ltr'><strong>ου’</strong></span> <span class='ocrx_word' id='word_1_271' title='bbox 700 3790 858 3861; x_wconf 75' lang='grc' dir='ltr'><em>Νύμφας,</em></span> <span class='ocrx_word' id='word_1_272' title='bbox 877 3790 936 3845; x_wconf 80' lang='grc' dir='ltr'><em>ἐπεὶ</em></span> <span class='ocrx_word' id='word_1_273' title='bbox 953 3789 1015 3844; x_wconf 83' lang='grc' dir='ltr'><em>ποτὶ</em></span> <span class='ocrx_word' id='word_1_274' title='bbox 1034 3791 1122 3844; x_wconf 84' lang='grc' dir='ltr'><em>Πῖσαν</em></span> <span class='ocrx_word' id='word_1_275' title='bbox 1140 3787 1274 3862; x_wconf 76' lang='grc' dir='ltr'><em>ᾰφέρπων</em></span> 
     </span>
     <span class='ocr_line' id='line_1_34' title="bbox 454 3875 1229 3947; baseline 0 -19"><span class='ocrx_word' id='word_1_276' title='bbox 454 3876 542 3946; x_wconf 83' lang='grc' dir='ltr'><em>δῶρον</em></span> <span class='ocrx_word' id='word_1_277' title='bbox 560 3876 622 3947; x_wconf 75' lang='grc' dir='ltr'><em>ἐμοὶ</em></span> <span class='ocrx_word' id='word_1_278' title='bbox 640 3896 684 3929; x_wconf 88' lang='grc' dir='ltr'><strong>νιν</strong></span> <span class='ocrx_word' id='word_1_279' title='bbox 702 3875 820 3930; x_wconf 73' lang='grc' dir='ltr'><em>ἔλειπεν·</em></span> <span class='ocrx_word' id='word_1_280' title='bbox 840 3876 895 3946; x_wconf 73' lang='grc' dir='ltr'><strong>ἐγώ</strong></span> <span class='ocrx_word' id='word_1_281' title='bbox 912 3877 945 3929; x_wconf 82' lang='grc' dir='ltr'><strong>δέ</strong></span> <span class='ocrx_word' id='word_1_282' title='bbox 961 3896 1000 3936; x_wconf 86' lang='grc' dir='ltr'><strong>τις</strong></span> <span class='ocrx_word' id='word_1_283' title='bbox 1018 3875 1075 3947; x_wconf 79' lang='grc' dir='ltr'><em>εἰμὶ</em></span> <span class='ocrx_word' id='word_1_284' title='bbox 1092 3877 1229 3947; x_wconf 64' lang='lat' dir='ltr'><strong>petendo·</strong></span> 
     </span>
     <span class='ocr_line' id='line_1_35' title="bbox 453 3949 1231 4035; baseline 0.001 -21"><span class='ocrx_word' id='word_1_285' title='bbox 453 3949 502 4016; x_wconf 73' lang='lat' dir='ltr'><strong>aad</strong></span> <span class='ocrx_word' id='word_1_286' title='bbox 517 3965 571 4033; x_wconf 78' lang='grc' dir='ltr'><strong>μὲν</strong></span> <span class='ocrx_word' id='word_1_287' title='bbox 587 3963 622 4017; x_wconf 78' lang='grc' dir='ltr'><strong>τα</strong></span> <span class='ocrx_word' id='word_1_288' title='bbox 640 3963 760 4022; x_wconf 80' lang='grc' dir='ltr'><em>Γλαύκας</em></span> <span class='ocrx_word' id='word_1_289' title='bbox 778 3961 957 4035; x_wconf 79' lang='grc' dir='ltr'><em>δγιιρούομαι,</em></span> <span class='ocrx_word' id='word_1_290' title='bbox 977 3952 1008 4016; x_wconf 79' lang='grc' dir='ltr'><strong>εδ</strong></span> <span class='ocrx_word' id='word_1_291' title='bbox 1025 3963 1056 4016; x_wconf 81' lang='grc' dir='ltr'><strong>δὲ</strong></span> <span class='ocrx_word' id='word_1_292' title='bbox 1073 3963 1108 4017; x_wconf 71' lang='grc' dir='ltr'><strong>ια’</strong></span> <span class='ocrx_word' id='word_1_293' title='bbox 1126 3964 1231 4035; x_wconf 77' lang='grc' dir='ltr'><em>Πύρρα.</em></span> 
     </span>
     <span class='ocr_line' id='line_1_36' title="bbox 386 4051 1520 4138; baseline 0 -17"><span class='ocrx_word' id='word_1_294' title='bbox 386 4071 408 4132; x_wconf 74' lang='lat'><strong>²)</strong></span> <span class='ocrx_word' id='word_1_295' title='bbox 427 4065 480 4121; x_wconf 81' lang='lat' dir='ltr'><strong>co.</strong></span> <span class='ocrx_word' id='word_1_296' title='bbox 499 4069 565 4122; x_wconf 78' lang='lat' dir='ltr'><strong>mr.</strong></span> <span class='ocrx_word' id='word_1_297' title='bbox 583 4068 610 4122; x_wconf 90' lang='lat' dir='ltr'><strong>u</strong></span> <span class='ocrx_word' id='word_1_298' title='bbox 633 4087 658 4137; x_wconf 77' lang='lat' dir='ltr'><strong>p.</strong></span> <span class='ocrx_word' id='word_1_299' title='bbox 672 4069 734 4133; x_wconf 83' lang='lat' dir='ltr'><strong>ars,</strong></span> <span class='ocrx_word' id='word_1_300' title='bbox 753 4070 781 4134; x_wconf 88' lang='lat'><strong>1,</strong></span> <span class='ocrx_word' id='word_1_301' title='bbox 806 4067 855 4121; x_wconf 81' lang='lat' dir='ltr'><strong>uu</strong></span> <span class='ocrx_word' id='word_1_302' title='bbox 872 4067 988 4136; x_wconf 81' lang='lat' dir='ltr'><strong>legitur:</strong></span> <span class='ocrx_word' id='word_1_303' title='bbox 1012 4063 1154 4138; x_wconf 71' lang='grc' dir='ltr'><em>ὀιζυρες</em></span> <span class='ocrx_word' id='word_1_304' title='bbox 1171 4067 1202 4119; x_wconf 77' lang='lat' dir='ltr'><strong>a</strong></span> <span class='ocrx_word' id='word_1_305' title='bbox 1219 4067 1236 4117; x_wconf 80' lang='lat' dir='ltr'><strong>a</strong></span> <span class='ocrx_word' id='word_1_306' title='bbox 1253 4066 1437 4138; x_wconf 49' lang='lat' dir='ltr'><strong>tarouca„</strong></span> <span class='ocrx_word' id='word_1_307' title='bbox 1519 4051 1520 4067; x_wconf 57' lang='lat'>¹</span> 
     </span>
     <span class='ocr_line' id='line_1_37' title="bbox 298 4152 1438 4225; baseline 0.005 -20"><span class='ocrx_word' id='word_1_308' title='bbox 298 4152 373 4220; x_wconf 90' lang='lat' dir='ltr'><strong>quod</strong></span> <span class='ocrx_word' id='word_1_309' title='bbox 396 4152 566 4206; x_wconf 85' lang='lat' dir='ltr'><strong>adiectivum</strong></span> <span class='ocrx_word' id='word_1_310' title='bbox 589 4155 690 4210; x_wconf 89' lang='lat' dir='ltr'><strong>deinde</strong></span> <span class='ocrx_word' id='word_1_311' title='bbox 712 4155 945 4225; x_wconf 88' lang='lat' dir='ltr'><strong>deprehendimus</strong></span> <span class='ocrx_word' id='word_1_312' title='bbox 969 4153 1000 4208; x_wconf 89' lang='lat' dir='ltr'><strong>in</strong></span> <span class='ocrx_word' id='word_1_313' title='bbox 1022 4153 1186 4224; x_wconf 87' lang='lat' dir='ltr'><strong>paraphrasi</strong></span> <span class='ocrx_word' id='word_1_314' title='bbox 1205 4153 1304 4222; x_wconf 86' lang='lat' dir='ltr'><strong>p.313,</strong></span> <span class='ocrx_word' id='word_1_315' title='bbox 1317 4155 1341 4207; x_wconf 88' lang='lat'><strong>3.</strong></span> <span class='ocrx_word' id='word_1_316' title='bbox 1371 4155 1438 4212; x_wconf 90' lang='lat' dir='ltr'><strong>Vid.</strong></span> 
     </span>
     <span class='ocr_line' id='line_1_38' title="bbox 298 4241 674 4312; baseline 0.008 -16"><span class='ocrx_word' id='word_1_317' title='bbox 298 4243 325 4296; x_wconf 89' lang='lat' dir='ltr'><strong>Z.</strong></span> <span class='ocrx_word' id='word_1_318' title='bbox 344 4260 371 4312; x_wconf 90' lang='lat' dir='ltr'><strong>p.</strong></span> <span class='ocrx_word' id='word_1_319' title='bbox 384 4242 418 4295; x_wconf 85' lang='grc'><strong>68</strong></span> <span class='ocrx_word' id='word_1_320' title='bbox 437 4241 526 4296; x_wconf 87' lang='lat' dir='ltr'><strong>Schol.</strong></span> <span class='ocrx_word' id='word_1_321' title='bbox 546 4243 586 4298; x_wconf 90' lang='lat' dir='ltr'><strong>ld.</strong></span> <span class='ocrx_word' id='word_1_322' title='bbox 607 4243 632 4296; x_wconf 92' lang='lat' dir='ltr'>X</span> <span class='ocrx_word' id='word_1_323' title='bbox 651 4247 674 4299; x_wconf 93' lang='lat'><strong>1.</strong></span> 
     </span>
    </p>
   </div>
   <div class='ocr_carea' id='block_1_5' title="bbox 0 0 1540 4910">
    <p class='ocr_par' dir='ltr' id='par_1_7' title="bbox 0 0 1540 4910">
     <span class='ocr_line' id='line_1_39' title="bbox 0 0 1540 4910; baseline 0 0"><span class='ocrx_word' id='word_1_324' title='bbox 0 0 1540 4910; x_wconf 95' lang='lat' dir='ltr'><strong> </strong></span> 
     </span>
    </p>
   </div>
  </div>
 </body>
</html>
