3070 4910
801 237 1014 323 -e-

338 420 409 490 ἐστι
447 421 483 489 δὲ
519 422 537 490 ὁ
570 414 746 508 ἆρκτοῦρος
784 415 888 512 ἀστὴρ
926 420 985 488 ἐπὶ
1026 421 1085 507 τῆς
1122 416 1223 507 ζώνης
1260 421 1322 493 τοῦ
1362 413 1504 506 ἄρκτοι

338 522 492 614 φύλακος.

424 629 613 694 Herodorus
636 630 669 692 in
689 628 835 692 historiis
851 627 1076 712 Apollonianis
1101 629 1292 714 saepissime
1317 629 1499 712 allegatur

340 734 434 798 testis
457 733 608 816 idemque
631 753 696 795 non
718 731 832 817 paucis
857 731 898 794 ad
914 731 1067 796 Herculis
1090 731 1219 796 fabulas
1236 731 1505 822 pcrtinentibus3

339 836 421 899 locis
439 833 518 920 (vid.
533 835 641 900 Schol.
654 834 762 920 Apoll.
780 834 797 896 I
812 837 893 898 1289
912 832 958 919 (p.
971 835 1044 915 381,
1058 834 1128 920 21);
1153 833 1228 899 Sch.
1245 834 1357 920 Apoll.
1370 834 1413 898 ΙΙ
1428 836 1494 896 354

342 939 386 1024 (p.
408 944 480 1019 409,
501 939 575 1025 21);
600 939 675 1003 Soh.
699 939 808 1024 Apoll.
832 937 866 1000 ΙΙ
892 939 973 1002 1248
1004 937 1049 1022 (p.
1072 942 1145 1017 447,
1162 937 1197 1018 6)
1221 938 1318 1022 etc.);
1346 939 1381 1002 in
1411 938 1492 1001 Soli.

341 1043 478 1106 Theocr.
508 1042 559 1106 bis
592 1043 732 1106 occurrit
759 1040 922 1105 Herodori
949 1061 1083 1123 nomen,
1118 1062 1254 1126 quorum
1283 1042 1491 1106 scholiorum

341 1154 512 1231 utrumque
529 1146 671 1231 pertinet
692 1145 732 1209 ad
748 1145 943 1209 Herculem:
971 1149 999 1208 1.
1026 1145 1099 1210 Sch.
1124 1145 1262 1212 Theocr.
1279 1145 1328 1208 Id.
1345 1146 1442 1209 XIII
1456 1147 1491 1206 9:

336 1243 563 1336 Ἀριστοτέλης
585 1246 684 1336 φησὶν
705 1241 774 1314 ὑπὸ
789 1241 1041 1331 Ῥαδαμάνθυος
1056 1248 1284 1337 παιδευθῆναι
1306 1243 1364 1314 τὸν
1376 1241 1490 1332 Ἡρα-

341 1350 433 1433 κλέα,
459 1345 647 1437 Ἡρόδωρος
675 1350 711 1416 δὲ
739 1344 808 1417 ὑπὸ
835 1353 899 1416 τῶν
928 1346 1093 1436 βουκόλων
1112 1345 1369 1439 Ἀμφιτρύωνος,
1398 1349 1490 1427 τινὲς

343 1453 379 1520 δὲ
393 1448 461 1520 ὑπὸ
477 1450 643 1535 Χείρωνος
658 1452 714 1518 καί
731 1449 924 1519 Θεστιάδου.
962 1458 990 1519 2.
1009 1455 1083 1520 Sch.
1102 1455 1240 1520 Theocr.
1258 1454 1306 1518 Id.
1323 1455 1413 1518 XIII
1428 1457 1487 1516 56:

344 1561 523 1635 Σκυθικοῖς
546 1556 582 1623 δὲ
603 1552 720 1636 ὅπλοις
742 1551 1092 1646 ἕχρήοατοἩρακλῆς,
1116 1553 1161 1636 ὥς
1183 1581 1283 1645 φησιν
1293 1551 1489 1643 Ἡρόδωρος

343 1659 401 1727 καὶ
423 1656 647 1745 Καλλίμαχος.

430 1766 482 1831 Ad
499 1767 624 1830 Briarei
640 1765 783 1830 fabulam
807 1773 938 1830 auctore
955 1773 1090 1831 utuntur
1115 1768 1238 1832 scholia
1254 1767 1288 1830 in
1303 1771 1485 1848 utrumque

341 1876 472 1956 poetam
498 1871 681 1954 conscripta
696 1869 866 1933 Demetrio
891 1870 1043 1954 quodam,
1068 1871 1186 1934 additis
1210 1877 1320 1934 tamen
1343 1868 1484 1932 diversis

342 1973 603 2056 cognominibus,
634 1975 666 2035 in
699 1972 774 2036 Sch.
807 1973 945 2036 Theocr.
977 1972 1168 2054 Collatiam,
1204 1974 1237 2036 in
1267 1972 1342 2036 Seh.
1372 1971 1485 2056 Apoll.

343 2075 465 2139 Cnidii:
500 2081 526 2141 1.
553 2075 627 2140 Sch.
652 2077 788 2140 Theoor.
813 2076 861 2139 Id.
886 2076 981 2139 165:
1015 2070 1204 2164 Δημήτριος
1234 2073 1270 2141 δὲ
1298 2076 1315 2140 d
1345 2073 1482 2139 Καλλα-
1508 2129 1509 2132 ,

341 2173 453 2257 τιανὸς
482 2179 541 2243 τοῦ
563 2173 728 2265 Βριάρεω,
758 2173 829 2257 ἑνὸς
850 2181 915 2243 τῶν
937 2174 1146 2258 Κυκλώπων,
1177 2178 1304 2257 παῖδας
1326 2176 1483 2264 γενέσθαι

343 2277 481 2346 Σικανὸν
503 2281 559 2346 καί
583 2278 718 2370 Αἴτνην,
744 2275 799 2369 ἀφ’
825 2269 864 2369 ἧς
885 2279 923 2347 τὸ
947 2276 1059 2366 ὄνομα.
1096 2287 1124 2348 2.
1150 2283 1225 2347 Soh.
1239 2283 1347 2369 Apoll.
1364 2284 1382 2346 I
1400 2284 1481 2344 1165

344 2387 388 2471 (p.
406 2389 478 2467 373,
493 2386 562 2470 27):
587 2387 604 2450 ὁ
626 2385 662 2450 δὲ
684 2381 769 2470 πρὸς
790 2382 847 2452 τὸν
869 2383 1046 2472 Αἰγαίωνα
1068 2388 1179 2470 μῦθος
1201 2380 1269 2451 ὑπὸ
1293 2381 1483 2474 Δημητρίου·

343 2485 496 2576 φαίνεται
519 2491 580 2555 τοῦ
602 2486 751 2555 Κνιδίου.
805 2491 950 2564 Quorum
982 2491 1226 2555 Demetriorum
1254 2499 1372 2555 neutro
1405 2510 1480 2572 cog·

344 2596 474 2657 nomine
498 2594 634 2657 indicari
651 2616 762 2658 verum
788 2601 965 2675 auctorem,
991 2596 1030 2657 ad
1054 2616 1150 2679 quem
1167 2594 1340 2658 referenda
1362 2596 1405 2657 sit
1429 2592 1482 2654 illa

343 2697 473 2774 fabula,
508 2698 661 2783 proclivis
692 2704 741 2762 est
774 2699 928 2783 suspicio.
982 2699 1066 2762 Nam
1099 2719 1205 2782 neque
1237 2719 1374 2782 usquam
1406 2694 1480 2760 alibi

345 2807 512 2884 comparet
534 2800 723 2866 Demetrius
746 2801 899 2877 Cnidius;
924 2808 957 2866 et
980 2802 1250 2866 verisimillimum
1274 2809 1325 2865 est
1349 2803 1381 2864 in
1406 2799 1478 2864 sch.

344 2902 454 2988 Apoll.
486 2901 626 2970 Κνιδίου
657 2908 849 2971 vocabulum
886 2906 1011 2971 librarii
1046 2906 1195 2968 socordia
1223 2905 1394 2990 irrepsisse
1423 2922 1478 2989 pro

345 3002 495 3092 Σκηψίου
509 3008 548 3090 1),
581 3010 635 3093 qui
658 3009 847 3074 Demetrius
876 3011 1031 3094 Scepsius
1060 3009 1157 3094 paulo
1188 3015 1263 3071 ente
1292 3009 1325 3070 in
1350 3006 1478 3080 scholio,

346 3132 409 3194 quo
433 3111 560 3174 Briarei
589 3133 717 3196 quoquc
747 3135 866 3177 nomen
890 3113 1088 3200 continetur,
1119 3111 1160 3175 ad
1190 3111 1328 3174 eundem
1352 3127 1479 3174 versum

344 3213 541 3298 pertinente,
558 3214 632 3278 libri
644 3215 745 3300 ipsius
758 3216 853 3278 titulo
866 3212 921 3296 „dv
936 3216 1073 3302 Τρωϊκῷ
1087 3207 1278 3299 διακόσμῳιι
1292 3214 1336 3298 (p.
1346 3216 1419 3292 373,
1431 3214 1477 3283 to)

345 3317 471 3399 addito,
505 3319 622 3382 citatur
654 3319 807 3404 idemque
844 3321 876 3384 in
910 3320 1056 3385 historiis
1090 3319 1319 3406 Apollonianis
1353 3319 1479 3404 saepius

346 3420 485 3482 occurrit
509 3419 599 3504 (Sch.
623 3421 735 3507 Apoll.
760 3423 776 3484 I
801 3423 862 3486 230
887 3421 1102 3508 (p.318,23);
1128 3421 1203 3485 Soh.
1228 3422 1335 3507 Apoll.
1360 3422 1377 3484 Ι
1402 3420 1476 3486 1113

346 3522 562 3608 (p.370‚15);
594 3523 966 3612 Sch.Apoll.111134
998 3526 1044 3612 (p.
1062 3530 1134 3604 455,
1148 3525 1191 3610 3).
1244 3525 1361 3609 Itaque
1390 3523 1477 3588 dubi-

345 3631 452 3688 tanter
486 3627 612 3690 conicio
652 3626 758 3690 eidem
792 3628 961 3692 Demetrio
997 3627 1133 3713 Scepsio
1168 3626 1376 3691 tribuendum
1410 3647 1477 3692 esse

347 3729 421 3792 Sch.
447 3729 583 3794 Theoor.
607 3728 654 3793 ld.
679 3729 695 3791 Ι
718 3732 769 3809 65,
795 3752 988 3815 quamquam
1015 3730 1153 3795 Carolus
1175 3731 1326 3813 Mueller,
1355 3753 1427 3795 cum
1449 3731 1477 3792 in

346 3832 506 3896 Demetrii
541 3831 716 3896 Callatiani
750 3832 905 3896 librorum
946 3832 1044 3917 ,περὶ
1069 3828 1187 3910 Ἀσίας
1214 3830 1271 3897 καὶ
1301 3828 1477 3920 ΕίροίπηςΗ

346 3937 602 4020 fragmentorum
616 3956 786 4000 numerum
797 3933 830 3998 id
843 3937 1006 4020 reciperet
1018 3936 1092 4021 (frg.
1103 3937 1177 4000 hist.
1190 3959 1236 4021 gr.
1250 3936 1298 4000 lv
1311 3961 1343 4024 p.
1357 3934 1476 4018 381,1),

349 4077 555 4084 ——-—-——....-....

440 4161 457 4223 ¹)
477 4157 552 4213 Idem
572 4161 730 4228 suspicatur
749 4156 863 4211 Carolus
881 4159 999 4211 Mueller
1017 4160 1068 4228 frg.
1087 4159 1151 4212 hist.
1170 4176 1210 4227 gr.
1228 4157 1268 4212 IV
1286 4177 1312 4227 p.
1326 4159 1385 4211 382.

535 4542 1197 4882 ΓΗΔ
