3070 4910
788 297 999 357 ..44-

332 477 542 565 Μελάμπους
564 475 723 566 φίλτατος
745 475 789 546 ὢν
811 482 858 568 τῷ
875 472 1063 546 Ἀπόλλωνι
1080 473 1301 570 ἀποδημήσας
1316 481 1499 548 κατέλυσε

331 581 424 669 παρὰ
448 579 656 671 Πολυφόντη.
690 580 770 669 βοὸς
799 583 835 650 δὲ
858 577 948 670 αὐτῷ
975 582 1156 666 τεθυμένον
1180 579 1360 668 δράκοντος
1383 579 1496 672 ἆνερ-

331 684 497 767 πόσαντος
519 683 612 774 παρὰ
634 683 672 755 τδ
694 690 800 774 θῦμα,
824 689 1022 776 διαφθεῖραι
1039 681 1138 754 αὐτὸν
1159 684 1236 766 τοὺς
1256 685 1495 774 θεράποντας

330 793 389 858 τοῦ
411 790 587 877 βασιλέως·
610 793 670 857 τοῦ
692 791 728 857 δὲ
740 790 902 876 βασιλέως
916 786 1158 878 χαλεπήναντος
1176 793 1265 876 <.....
1279 793 1299 876 .>
1323 793 1385 857 τδν
1402 801 1492 859 Με-

331 891 489 979 λάμποδα
504 894 616 979 λαβεῖν
631 893 687 960 καί
701 891 828 980 δάψαι.
851 891 893 960 τὰ
909 893 945 960 δέ
959 890 1076 960 τούτου
1092 890 1207 980 έχχονα
1221 893 1390 982 τραφέντα
1409 890 1491 962 ὑπὸ

330 994 448 1064 τούτοιν
459 995 576 1079 λείχειν
590 992 632 1063 τὰ
645 988 713 1063 ὦτα
725 997 782 1063 καί
795 997 976 1083 ἐμπνεῦσαι
990 991 1079 1084 αὐτῷ
1092 993 1151 1086 τὴν
1161 994 1335 1086 μαντικήν·
1354 995 1491 1083 διόπερ

331 1100 512 1167 κλέπτοντα
529 1094 628 1167 αὐτὸν
639 1095 698 1179 τὰς
712 1097 795 1185 βόας
808 1103 867 1166 τοῦ
875 1094 1019 1188 Ἰφίκλου
1034 1097 1082 1180 εἰς
1090 1095 1235 1187 Αἴγιναν
1244 1103 1255 1183 (
1260 1105 1286 1185 l)
1300 1097 1361 1190 τὴν
1373 1098 1489 1167 πόλιν

332 1203 578 1291 περιληφθέντα
601 1203 741 1291 δεδῆναι,
765 1202 903 1270 καὶτοῦ
928 1198 1020 1269 οἴκου
1042 1201 1217 1288 μέλλοντος
1238 1209 1363 1285 πεσεῖν,
1388 1204 1429 1270 έν
1457 1194 1488 1290 ᾧ

331 1297 371 1396 ἦν
393 1301 579 1394 δ’Ίφικλος,
609 1313 649 1394 τῇ
672 1302 831 1372 διακόνιον
853 1303 1047 1394 πρεσβύτιδι
1068 1309 1212 1394 μηνῦσαι
1234 1309 1293 1373 τοῦ
1313 1301 1485 1394 Ἰφίκλου,

333 1408 389 1474 καὶ
405 1405 524 1476 τοίτου
539 1406 632 1495 χάριν
648 1403 826 1498 ἀφεθῆναι.
847 1405 958 1498 σαφὴς
974 1410 1043 1497 δέη
1060 1406 1200 1496 ἱστορία.
1215 1448 1254 1457 -
1269 1411 1314 1496 (p.
1330 1414 1404 1488 310,
1419 1413 1485 1494 20)

325 1506 469 1600 Ἴφικλος
493 1508 645 1578 Φυλάκου
668 1517 751 1590 παῖς
772 1514 832 1579 τοῦ
855 1511 1033 1599 Δηιονέως·
1056 1509 1223 1600 μήτηρδέ
1237 1508 1485 1595 Μελάμποδος

332 1613 515 1704 Διορίππη,
548 1610 592 1695 ὡς
626 1614 811 1698 Διευχίδας.
842 1654 882 1664 -
912 1614 992 1703 φησί
1026 1615 1062 1681 δέ
1088 1613 1145 1680 καί
1179 1611 1239 1702 τὴν
1272 1611 1386 1681 αἰτίαν
1413 1619 1483 1681 τοῦ

332 1713 501 1803 ὀνόματος,
526 1715 576 1786 ὅτι
599 1723 739 1785 τεκοῦσα
762 1714 860 1786 αὐτὸν
882 1723 901 1807 η
923 1715 1029 1808 μήτηρ
1052 1716 1100 1796 εἰς
1123 1714 1312 1805 σόνδενδρον
1335 1717 1481 1798 ἐξέθετο

330 1820 444 1890 τόπον.
473 1823 588 1910 συνέβη
620 1824 656 1891 δὲ
677 1820 753 1904 τοὺς
782 1821 890 1904 πόδας
918 1819 1019 1890 αὐτοῦ
1046 1819 1113 1891 ὑπὸ
1141 1819 1234 1911 ἡλίου
1263 1824 1479 1911 μελανθῆναι

332 1921 467 2006 άσκίους
490 1921 593 2006 όντας.

419 2066 644 2151 Maximopere
687 2073 898 2151 promovetur
937 2067 1085 2149 quaestio
1125 2088 1145 2128 a
1182 2065 1277 2127 nobis
1320 2067 1479 2129 instituta

332 2170 458 2233 duobus
490 2170 555 2249 his,
590 2192 673 2254 quae
706 2171 819 2233 ultimo
849 2169 919 2232 loco
948 2170 1146 2254 comparavi,
1182 2168 1324 2232 scholiis.
1376 2169 1477 2241 Quae

332 2275 479 2357 quamvis
504 2274 620 2338 eodem
644 2295 686 2337 ex
710 2273 799 2337 fonte
824 2295 975 2336 manasse
999 2275 1032 2336 in
1054 2273 1227 2358 propatulo
1253 2274 1305 2353 sit,
1335 2293 1476 2358 prorsus

332 2398 417 2460 nego
447 2378 583 2440 formam
615 2399 739 2458 eorum,
771 2398 867 2461 quam
897 2397 982 2439 nunc
1011 2377 1164 2460 legimus,
1197 2374 1339 2438 adscribi
1370 2397 1475 2460 posse

331 2481 387 2543 uni
425 2480 596 2564 eidemque
631 2481 889 2544 commentatori:
925 2480 1005 2542 adeo
1041 2479 1127 2543 enim
1162 2478 1350 2563 discrepant
1385 2480 1476 2543 inter

333 2605 368 2646 se
403 2583 574 2646 verborum
608 2605 670 2647 usu
708 2589 740 2647 et
776 2589 843 2646 toto
878 2582 1005 2647 dicendi
1041 2604 1173 2667 genere,
1209 2571 1245 2645 ut
1279 2582 1319 2644 ad
1355 2588 1473 2666 poste-

332 2688 426 2749 rioris
450 2690 567 2752 aetatis
591 2689 793 2767 scholiastes,
817 2690 871 2771 qui
887 2689 1040 2752 historias
1058 2689 1164 2750 denuo
1184 2675 1473 2771 pertractaverint,

331 2788 393 2851 hae
418 2790 621 2855 differentiae
652 2791 766 2855 referri
788 2792 845 2854 vix
873 2793 1007 2876 possint.
1053 2790 1133 2854 Inde
1159 2797 1269 2852 autem
1299 2787 1381 2851 illud
1409 2811 1472 2852 ex-

332 2893 516 2977 plicandum
541 2901 601 2974 est,
626 2897 710 2980 quod
725 2897 844 2975 omnia,
868 2917 952 2979 quae
970 2917 1067 2980 supra
1081 2893 1210 2980 protuli,
1235 2893 1369 2970 scholia,
1395 2915 1472 2955 cnm

332 2995 372 3057 ad
408 2997 539 3059 easdem
574 3020 627 3062 res
667 3005 831 3084 spectent,
871 2999 1034 3062 rarissime
1072 3003 1184 3060 tamen
1219 3003 1403 3078 congruunt
1438 2999 1472 3058 in
1509 3049 1510 3054 ,

333 3100 467 3182 singulis
500 3102 617 3164 verbis.
668 3103 734 3165 cfr.
767 3104 880 3182 etiam,
925 3123 1007 3186 quae
1042 3102 1126 3164 infra
1165 3099 1205 3163 de
1241 3100 1368 3162 duobus
1404 3101 1471 3164 illis

333 3202 480 3281 scholiis,
512 3226 594 3287 quae
623 3206 663 3268 ad
687 3205 811 3268 Rhoeoi
836 3205 1002 3269 historiam
1025 3206 1191 3290 pertinent
1213 3202 1304 3286 (soh.
1329 3203 1470 3268 Theocr.

331 3305 379 3370 Id.
403 3306 456 3370 III
483 3311 520 3369 13
545 3313 578 3370 et
602 3307 677 3373 Sch.
699 3308 808 3393 Apoll.
833 3309 977 3388 11477),
1002 3307 1187 3393 disputabo.

418 3443 471 3507 Ad
495 3445 581 3509 hunc
602 3447 701 3530 igitur
728 3448 927 3531 quaestionis
956 3453 1085 3510 nostrae
1112 3448 1218 3510 locum
1246 3446 1469 3531 pervenimus,

332 3554 368 3610 ut
391 3548 626 3612 contendamus
651 3551 785 3635 stirpem
809 3551 951 3613 omnium
975 3572 1087 3614 earum
1101 3550 1322 3628 historiarum,
1347 3548 1469 3631 quibus

334 3653 409 3716 Sch.
434 3651 572 3717 Theocr.
600 3659 632 3716 et
660 3653 734 3716 soh.
763 3653 872 3737 Apoll.
900 3655 1121 3734 consentiunt,
1152 3650 1366 3737 repetendam
1395 3675 1468 3716 esse

334 3755 374 3818 ab
406 3757 501 3818 unius
532 3755 742 3838 eiusdemque
774 3756 915 3818 hominis
951 3757 1037 3818 docti
1073 3757 1203 3833 studiis,
1240 3757 1294 3839 qui
1327 3760 1403 3819 ante
1434 3756 1467 3818 id

333 3864 461 3943 tempus
495 3859 655 3938 floruerit,
693 3879 756 3942 quo
792 3860 1016 3923 commentarii
1049 3860 1089 3923 ad
1123 3858 1260 3923 Theocr.
1294 3865 1328 3922 et
1354 3859 1466 3945 Apoll.

333 3963 395 4025 orti
419 3963 491 4026 sint.

419 4080 482 4154 Qui
505 4083 553 4145 vir
577 4081 689 4146 doetus
711 4087 820 4145 utrum
836 4082 931 4144 unius
945 4080 1113 4146 Theocriti
1128 4105 1169 4147 an
1184 4083 1281 4146 unius
1297 4081 1466 4166 Apollonii

334 4185 477 4249 historiis
507 4207 549 4248 an
580 4187 748 4273 utriusque
780 4207 913 4271 operam
944 4188 1126 4266 novaverit,
1159 4187 1334 4272 quaeritur.
1382 4187 1465 4268 Hoc,
