3070 4910
758 295 966 359 „52..

297 481 406 570 Apoll.
430 485 508 550 alibi
531 507 692 570 nusquam
708 487 907 562 nominatum
931 507 1038 571 nequa
1055 487 1162 550 minus
1186 484 1269 551 illud
1293 485 1448 568 offendit,

298 588 384 672 qnod
412 589 465 652 hic
496 595 610 652 auctor
638 596 688 653 est
711 609 887 653 enumero
911 610 1019 652 rerum
1044 590 1256 674 scriptorum,
1289 591 1345 674 qui
1377 612 1447 654 non
1512 611 1513 676 3

300 692 451 756 solebant
482 692 516 754 in
550 692 686 780 singulis
722 691 869 755 eiusdem
903 693 1035 776 generis
1070 693 1191 756 fabulis
1226 697 1447 768 commorari3
1512 677 1513 771 i

298 815 383 879 quae
407 815 460 858 res
476 816 582 880 neque
599 795 750 859 Muelleri
774 794 850 879 (frg.
865 795 940 861 hist.
956 817 1005 880 gr.
1021 795 1038 858 Ι
1054 818 1086 881 p.
1101 798 1142 859 35
1157 818 1246 861 num.
1261 800 1314 880 13)
1330 799 1446 862 verbis

299 898 498 983 explicatur,
529 900 583 984 qui
615 899 672 962 has
700 898 781 963 duas
811 900 940 964 fabulas
968 899 1009 963 ad
1033 899 1194 966 Charonis
1217 902 1444 989 Lampsaceni

297 998 420 1080 ’κτίσεις
441 1003 557 1085 refert,
587 1003 761 1088 inquibus
790 1004 965 1088 scriptores
994 1004 1135 1084 „fabulis
1159 1007 1311 1091 plurimis
1337 1029 1444 1093 expo-

297 1105 412 1169 nendis
446 1105 672 1187 indulserint‘,
705 1105 864 1191 siquidem
895 1106 928 1168 in
956 1107 1063 1190 priore
1093 1108 1206 1173 fabula
1234 1109 1320 1172 nihil
1343 1111 1444 1189 inest,

298 1205 533 1296 qu0‚„au'mg“
557 1210 767 1294 significetur.
802 1211 906 1274 Immo
929 1210 1013 1274 haee
1035 1211 1145 1295 potius
1167 1212 1314 1277 indicant
1338 1214 1443 1278 histo·
1512 1231 1513 1280 ζ

298 1313 419 1376 riarum
452 1312 618 1398 Apollonii
653 1319 686 1376 et
721 1312 886 1377 Theocriti
925 1319 1108 1395 auctorem,
1142 1315 1197 1400 qui
1230 1316 1263 1378 in
1298 1317 1442 1399 singulis
1512 1342 1513 1402 3

296 1415 418 1480 fabulis
442 1414 645 1502 explicandis
667 1417 776 1480 varias
806 1417 981 1480 memorias
1008 1416 1152 1502 undique
1181 1418 1373 1503 collegerit,
1405 1427 1443 1483 ut
1512 1476 1513 1500 ,

297 1517 445 1600 doceret,
473 1539 555 1604 quae
579 1519 661 1583 ratio
690 1516 910 1582 intercederet
931 1519 1018 1582 inter
1046 1539 1137 1599 eum,
1169 1521 1262 1584 cuius
1292 1523 1442 1586 carmina
1512 1504 1513 1528 ¹

298 1621 497 1706 explicabat,
519 1628 650 1706 poetam
667 1627 699 1685 et
716 1628 844 1686 ceteros
861 1622 1047 1706 scriptores,
1069 1621 1102 1684 id
1119 1621 1204 1707 quod
1219 1623 1254 1686 in
1270 1624 1441 1688 historicis
1512 1649 1513 1662 ¹

297 1723 431 1788 scholiis
455 1745 554 1810 saepe
577 1726 624 1789 fit.
669 1724 801 1789 Conicic
825 1725 924 1809 igitur
951 1725 1111 1811 principio
1142 1728 1301 1812 scriptum
1333 1729 1439 1792 fnisse
1512 1717 1513 1770 3

298 1823 602 1913 ,,Χάρων“111111111
619 1850 724 1913 eoque
740 1829 869 1892 nornine
887 1829 1105 1912 significatum
1119 1829 1318 1913 Charopem,
1336 1833 1440 1897 histo·
1512 1859 1513 1906 1

296 1932 416 1996 riarum
438 1934 471 1995 in
487 1932 698 2017 Apollonium
723 1939 756 1996 et
771 1932 983 1995 Theocritum
1006 1939 1183 2014 auctorem,
1205 1935 1311 1998 verba
1327 1943 1440 2000 autem
1512 1987 1513 2026 3

297 2031 558 2122 ὁΛαμψακηνός
572 2035 683 2100 addita
699 2057 774 2100 esse
791 2058 811 2099 a
825 2037 1008 2100 recentiore
1025 2036 1165 2120 quodam
1178 2037 1368 2121 scholiasta,
1388 2042 1440 2103 cui
1512 2119 1513 2128 ἵ

296 2140 350 2203 hio
374 2138 503 2204 Charon
526 2141 630 2203 notior
652 2139 802 2222 fuerit1),
831 2161 904 2203 cum
933 2141 1128 2226 praesertim
1151 2142 1312 2226 suspicari
1339 2144 1441 2207 liceat
1512 2145 1513 2154 ²

297 2244 434 2308 alteram
448 2243 584 2307 duarum
595 2244 723 2307 illamm
734 2243 929 2324 fabularum,
946 2265 1029 2328 quae
1042 2245 1083 2308 ad
1095 2245 1263 2309 Arcadum
1277 2247 1440 2332 originem

298 2343 432 2433 (κτίσιν)
457 2354 599 2433 spectat,
627 2369 647 2410 a
670 2347 818 2412 Charone
841 2348 1036 2412 Naucratita
1059 2370 1102 2412 111
1124 2348 1355 2434 Lampsaceno
1379 2373 1438 2436 pe-

297 2453 390 2515 titam
412 2472 502 2526 esse;
527 2471 591 2534 qua
609 2473 645 2514 re
668 2451 877 2515 scholiastam
902 2452 1073 2515 inductum
1097 2453 1253 2534 conicias,
1277 2460 1314 2516 ut
1337 2453 1438 2518 Lam·
1512 2478 1513 2502 1

297 2555 431 2642 psaoeni
448 2575 568 2618 nornen
581 2555 614 2617 in
631 2555 734 2620 111111
750 2577 879 2640 quoque
895 2555 1007 2619 fabula
1022 2555 1168 2621 adderet.
1204 2556 1301 2630 Quod
1326 2566 1438 2622 autem
1512 2565 1513 2638 j

297 2661 332 2736 in
366 2658 441 2724 Sch.
470 2658 745 2743 Ap011.111052
776 2659 915 2743 legimus
947 2653 1113 2745 ,,Χάρης“,
1147 2660 1209 2723 hoc
1236 2660 1307 2724 fere
1339 2662 1438 2725 modo

299 2761 529 2848 explicandum
562 2769 655 2849 puto:
693 2765 727 2826 in
763 2763 994 2848 integrioribus
1035 2763 1169 2827 scholiis
1207 2763 1438 2848 Apollonianis

298 2865 457 2930 Charonis
505 2886 639 2947 nomen,
691 2888 764 2930 curn
810 2887 910 2951 saepe
961 2867 1173 2931 excitandum
1218 2873 1326 2948 11111,
1379 2891 1440 2954 per
1512 2870 1513 2896 ¹

297 2975 408 3044 notam
430 2969 533 3033 fuisse
551 2969 707 3054 scriptum
731 2989 868 3053 eamque
892 2975 1010 3055 postea
1025 2969 1236 3034 scholiastam
1258 2991 1437 3056 perperam
1512 2961 1513 3040 ᾗ

297 3073 479 3137 resolvisse.
1512 3159 1513 3162 Ἴ

385 3176 502 3261 Itaque
519 3197 591 3240 cum
608 3174 739 3238 Charon
761 3175 816 3238 ille
831 3175 1023 3239 Naucratita
1043 3176 1256 3240 historiarum
1279 3177 1313 3241 in
1330 3178 1439 3243 Theo·
1512 3197 1513 3276 ,

299 3281 416 3344 oritum
439 3286 472 3344 et
487 3279 698 3364 Apollonium
721 3285 847 3360 auctor,
871 3279 977 3343 isdem
999 3280 1068 3344 fere
1086 3282 1291 3366 temporibus
1316 3283 1437 3367 quibus

297 3384 508 3470 Apollonius,
540 3383 706 3446 nonnullis
735 3390 811 3468 post
840 3382 1052 3448 Theocritum
1083 3384 1251 3448 decenniis
1279 3385 1437 3468 floruerit,
1512 3388 1513 3436 l

298 3487 432 3552 scholiis
455 3489 520 3550 illis
548 3486 792 3572 mythologicis,
821 3509 905 3571 qnae
929 3510 948 3552 a
971 3489 1205 3574 posterioribus
1235 3496 1436 3554 commenta·
1512 3553 1513 3564 ,

299 3619 504 3628 --.-.-.

387 3714 407 3776 ¹)
426 3712 508 3765 Carta
533 3710 642 3765 ratione
665 3710 701 3764 ad
719 3712 874 3766 Charonem
892 3713 1112 3781 Lampsacenum
1129 3712 1305 3766 referendum
1325 3713 1438 3767 videtur
1512 3685 1513 3768 l

299 3796 360 3852 Sch.
372 3798 464 3866 Apoll.
477 3799 504 3851 ΙΙ
516 3799 541 3863 2,
560 3798 697 3866 siqnidem
715 3799 745 3851 in
763 3799 816 3852 hoc
832 3798 994 3852 nominatur
1011 3799 1262 3868 Lampsacenorum
1280 3799 1383 3868 patria,
1403 3801 1437 3854 de

299 3901 355 3952 qna
376 3884 479 3938 librum
498 3902 515 3938 a
533 3884 659 3938 Charone
677 3885 866 3955 Lampsaceno
885 3885 1019 3953 scriptum
1039 3901 1097 3938 esse
1114 3888 1237 3939 constat:
1262 3885 1324 3938 Sch.
1343 3887 1436 3956 Apoll.
1512 3903 1513 3924 ³

298 3972 325 4024 ll
343 3972 359 4024 2
379 3973 415 4040 (p.
429 3972 488 4037 388,
502 3973 558 4040 ll):
585 3970 682 4043 Χάρων
700 3972 732 4024 δέ
750 3990 820 4042 φησι
838 3971 884 4023 καὶ
902 3971 952 4040 τήν
970 3973 1171 4042 Λαμψακηνῶν
1188 3971 1284 4042 χώραν
1301 3971 1437 4043 πρότερον

299 4059 447 4130 Βεβρυκίιιν
473 4060 618 4113 καλεῖσθαι
645 4056 699 4112 rino
726 4063 781 4114 τῶν
807 4059 1029 4128 κατοικησάντων
1058 4055 1145 4129 odaria
1168 4060 1317 4131 Βεβρύκων.
1350 4061 1383 4113 w*
1406 4061 1436 4112 δὲ

298 4147 378 4213 γένος
406 4140 496 4199 αὐτῶν
522 4143 675 4216 ἠφάνισται
702 4147 748 4199 dccl
774 4147 837 4206 τούς
861 4147 1029 4216 γενομένους
1056 4147 1203 4215 πολέμους,
1236 4145 1363 4217 καθάπερ
1391 4144 1435 4198 καὶ

300 4229 387 4284 ἄλλων
406 4231 503 4285 ἐθνῶν.
