3070 4910
591 311 805 373 ...¹13-

113 500 148 563 in
174 520 239 583 quo
262 498 399 561 infuerit
414 497 609 562 Theocritus
634 499 781 564 oratione
801 499 947 584 pedestri
970 499 1128 581 redditus,
1153 502 1261 565 cuius-

114 603 208 667 modi
230 603 389 666 librorum
405 602 548 686 vestigia
565 603 603 670 ,in
627 603 707 667 alios
724 623 852 687 quoque
869 609 985 688 poetas
1002 607 1260 690 conscriptorum

116 709 224 782 multa
239 705 440 792 deprehendi
456 712 605 791 possunt.
650 706 720 781 Quo
743 707 827 771 libro
845 713 1083 772 commentator
1104 709 1159 773 ille
1183 730 1262 771 usus

117 811 229 876 estin
253 810 559 894 componendo-suo
589 809 631 873 ad
654 810 820 874 Theocriti
844 811 990 876 carmina
1017 811 1262 876 commentario.

118 913 219 978 Hanc
244 919 353 976 autem
385 913 488 976 fuisse
520 913 654 996 genuini
684 914 908 977 commentarii
936 914 1073 978 sormam
1106 914 1263 1000 suspicor,

118 1023 158 1080 ut
175 1017 330 1080 continua
345 1015 553 1101 paraphrasis
570 1016 633 1079 iam
651 1017 726 1082 inde
739 1038 758 1080 a
772 1017 931 1103 principio
946 1018 1147 1103 interspersa
1164 1018 1264 1082 luerit

118 1121 220 1184 variis
243 1120 329 1184 alius
351 1120 481 1203 generis
498 1119 641 1200 scholiis,
665 1120 751 1204 quod
774 1119 862 1186 idem
885 1122 917 1184 in
936 1121 1066 1186 scholiis
1082 1121 1263 1186 Pindaricis

119 1225 248 1289 iactum
273 1244 346 1288 esse
371 1223 486 1287 statuit
509 1223 544 1288 O.
562 1223 763 1307 Lehrsius.¹)

210 1327 305 1400 Quae
334 1327 534 1391 continuatio
557 1348 630 1390 curn
660 1349 746 1391 nunc
776 1325 907 1413 quidem
930 1311 1103 1413 perpaucis
1128 1328 1208 1393 locis
1231 1328 1265 1391 in

121 1436 277 1516 promptu
291 1436 389 1514 atque
407 1436 482 1493 ante
504 1430 605 1516 pedes
622 1431 740 1516 posita,
765 1431 957 1516 saepissime
977 1432 1155 1495 interiectis
1179 1432 1264 1496 alius

120 1535 256 1619 generis
274 1533 406 1597 scholiis
422 1533 595 1598 admodum
610 1536 813 1618 longioribus
830 1536 1019 1599 oblitterata
1041 1541 1074 1599 et
1093 1535 1266 1599 obscurata

121 1637 218 1722 sit2),
253 1658 318 1701 non
353 1637 470 1701 mirum
498 1644 567 1720 est,
602 1639 685 1724 quod
716 1640 859 1704 nondum
898 1640 977 1703 satis
1012 1640 1053 1703 ab
1082 1638 1266 1704 hominibus

123 1743 230 1806 doctis
259 1748 432 1828 perspecta
455 1749 520 1824 est,
547 1744 740 1828 praesertim
769 1744 797 1807 si
820 1743 1095 1825 consideraveris,
1126 1748 1265 1828 quantas

123 1848 208 1911 haec
232 1846 443 1932 paraphrasis
459 1867 518 1931 per
539 1847 639 1931 longa
662 1853 810 1933 tempora
833 1847 950 1911 iterum
966 1847 1149 1930 iterumque
1167 1867 1264 1930 prae·

125 1949 195 2014 cisa
218 1950 491 2013 commutationes
515 1955 548 2013 et
564 1951 823 2035 perturbationes
847 1950 1047 2015 sustinuerit.
1081 1949 1191 2013 Nihilo
1216 1955 1266 2012 ta-

123 2075 200 2118 men
225 2053 335 2117 minus
358 2054 411 2116 vel
435 2054 482 2118 eis
506 2055 584 2117 locis
596 2055 640 2138 ³),
676 2055 733 2119 ubi
756 2054 966 2140 paraphrasis
997 2055 1126 2118 omnino
1150 2054 1268 2119 deesse

124 2157 268 2237 videtur,
291 2157 433 2241 vestigia
455 2157 552 2222 huius
570 2158 824 2240 continuationis
846 2159 1030 2223 accuratius
1046 2158 1267 2243 perscrutanti

126 2267 299 2346 apparent.
329 2261 467 2326 Accedit
477 2264 696 2326 recentiorum
709 2263 907 2327 scholiorum
921 2264 1118 2348 exemplum,
1132 2283 1267 2347 quorum

126 2365 363 2449 paraphrases,
395 2386 592 2451 quamquam
616 2387 672 2430 eas
696 2366 846 2451 primitus
871 2366 1040 2430 continuos
1063 2365 1165 2430 fuisse
1190 2387 1267 2429 con-

128 2473 210 2549 stat,
255 2485 375 2553 saepe·
394 2469 543 2533 similiter
584 2469 758 2555 abruptam
796 2475 830 2532 et
867 2470 1092 2532 circumcisam
1130 2468 1268 2532 formam

127 2574 303 2660 praebent.
990 2566 992 2570 ’

215 2676 418 2740 Vetustioris
450 2682 561 2740 autem
588 2676 690 2757 illius,
718 2676 758 2739 de
785 2697 849 2761 qua
878 2678 1000 2761 agitur,
1031 2675 1269 2761 paraphraseos

127 2781 309 2845 auctoritas
332 2801 370 2844 eo
395 2781 636 2860 corroboratur,
668 2780 754 2864 quod
778 2781 869 2844 nulla
892 2781 925 2843 in
949 2781 1018 2844 eius
1042 2779 1188 2864 reliquiis
1213 2777 1270 2844 de-

127 2883 363 2970 prehendimus
387 2883 525 2966 vestigia
549 2882 634 2948 illius
658 2884 790 2967 generis
815 2882 959 2963 dicendi,
991 2881 1079 2968 quod
1102 2882 1269 2966 proprium

129 2997 179 3052 est
196 2987 361 3058 inferioris
381 2988 499 3050 aetatis
520 2986 782 3066 scholiastarum,
805 3008 869 3070 quo
887 2986 1011 3070 reliqua
1028 2986 1149 3049 scholia
1166 3004 1269 3071 paene

127 3093 241 3157 omnia
269 3091 363 3175 quasi
391 3090 477 3154 notis
508 3090 700 3175 quibusdam
732 3090 1086 3174 grammaticastrorum
1115 3090 1270 3174 insignita

130 3203 218 3261 sunt.
256 3195 372 3280 Neque
393 3195 568 3279 usquam4)
592 3195 722 3258 obviam
745 3195 781 3258 fit
802 3195 963 3281 particula
977 3189 1081 3278 aci,⁵)
1104 3215 1168 3279 qua
1191 3194 1269 3258 alibi

220 3345 241 3408 ¹)
260 3341 314 3396 cfr.
334 3340 427 3404 hebra,
445 3339 496 3392 Die
515 3338 743 3392 Pindarsoholien
761 3338 885 3408 (Lipsiae
904 3337 982 3406 1873)
1002 3357 1028 3408 p.
1043 3339 1084 3402 16,
1104 3339 1128 3392 7.

220 3429 243 3492 ²)
263 3426 316 3480 cfr.
336 3425 426 3480 Sohol.
446 3425 539 3479 Id.Il
559 3429 588 3479 et
605 3427 648 3480 13
666 3426 704 3494 (Z.
723 3427 780 3495 pb
799 3428 827 3478 et
845 3426 880 3494 6),
898 3425 947 3478 ubi
966 3424 1144 3494 paraphrasis
1162 3423 1198 3477 ad
1217 3424 1271 3476 v.3

128 3515 278 3586 pertinens
305 3512 432 3581 sequitur
455 3511 639 3581 paraphrasin
663 3528 794 3565 versuum
820 3512 834 3564 1
857 3513 921 3564 aa
945 3513 1009 3580 post
1035 3510 1123 3565 totius
1149 3508 1271 3579 paginae

127 3601 323 3656 intervallum.

221 3691 243 3756 3)
262 3687 316 3742 cfr.
334 3687 441 3756 Capll
459 3687 512 3753 §2

222 3776 243 3841 ⁴)
263 3772 318 3838 Qui
336 3772 390 3826 loci
409 3772 474 3842 huic
493 3771 649 3826 sententiae
672 3787 829 3841 repugnare
847 3770 986 3834 videntur,
1009 3769 1045 3822 ad
1068 3786 1154 3822 unum
1177 3785 1273 3822 omnes

130 3859 283 3931 posteriori
304 3858 393 3913 aetati
417 3858 562 3912 debentur.
599 3858 653 3912 cfr.
672 3874 745 3925 quae
764 3861 778 3918 ἓ
794 3860 811 3912 3
829 3855 946 3911 disserui
968 3856 1003 3909 de
1025 3854 1109 3909 schol.
1128 3855 1161 3908 Id
1182 3855 1207 3907 X
1225 3855 1272 3908 22:

131 3945 802 4102 avccxpppogfvrxsqqppqqopqqoqz(1qfrq)pappp
814 4033 863 4084 rosi
880 4029 1089 4098 τεταυρισμένος
1107 4025 1164 4079 καὶ
1182 4045 1273 4096 πεφυ-

130 4119 268 4188 σιωμένος
286 4117 340 4171 καὶ
358 4118 559 4187 ἐξωγκωμένος.
578 4149 611 4157 -
636 4117 726 4170 Schol.
746 4116 787 4171 Id.
806 4117 818 4170 l
837 4116 870 4169 64
890 4115 927 4181 (Z.
946 4132 971 4182 p.
986 4114 1043 4180 13):
1068 4115 1147 4166 rorico
1166 4113 1274 4182 λέγεται

132 4204 228 4275 ἐπῳδῇ
250 4203 307 4256 καὶ
331 4203 462 4275 πρόᾳσμα
484 4201 541 4255 καὶ
563 4202 765 4275 ἐπιμελῴδημα.
786 4231 817 4241 -
844 4201 935 4258 schol.
958 4200 998 4256 Id.
1017 4201 1031 4256 Ι
1049 4200 1101 4253 134
1118 4200 1157 4268 (Ζ.
1175 4199 1272 4272 p.18):

126 4291 226 4365 Ὄχνας
243 4289 301 4344 καὶ
320 4289 417 4353 cinicus
435 4288 490 4342 καὶ
509 4286 637 4363 aptatas.
