3070 4910
536 247 750 310 ...61-

152 430 252 498 *sch
277 429 415 498 Theoor.
438 429 487 496 Id.
509 432 526 495 I
551 437 606 498 60:
631 447 797 523 ’Ἀχρονιονι
827 426 957 522 άθιχές,
989 422 1027 503 οὗ
1055 434 1125 525 χείρ
1148 430 1206 522 οόχ
1243 521 1244 524 ¹

20 601 21 614 ,
67 528 191 621 ἥψατο.
216 529 239 623 ἢ
261 526 281 602 ὕ
303 528 464 601 οὐδέποτε
486 531 534 615 είς
555 533 665 623 χρείαν
687 529 799 626 ἦλθεν.

154 640 207 706 Et.
230 639 276 705 M.
309 661 341 725 p.
366 641 442 719 182,
468 642 524 703 26:
554 653 706 726 Ἄχροντον
737 634 918 725 άμόλυντον
951 641 1008 709 καί
1041 641 1205 732 καθαρόν·

20 719 22 788 λ
67 739 162 828 παρὰ
187 739 226 809 τὸ
253 739 375 829 χραίνω
401 744 508 826 χρανῶ
533 738 669 829 χραντδς
695 742 752 809 καὶ
780 738 946 831 όίχραντος.
979 741 1204 835 ἢάχέραντον,

68 833 106 911 οὗ
144 845 281 934 μηδέπω
316 843 386 931 χείρ
420 840 544 933 ἥψατο.
585 840 608 933 ἢ
633 841 671 912 τὸ
700 845 839 934 μηδέπω
873 847 906 914 ἒν
937 847 1030 937 χρείᾳ
1062 847 1200 938 γεγονός.

68 943 90 1035 ἢ
113 942 291 1035 διχρόαντον
312 945 351 1015 τὸ
372 943 420 1038 μὴ
443 945 539 1036 χροὸς
561 942 742 1035 ἁψάμενον.

158 1161 232 1225 Soh.
256 1160 394 1226 Theocr.
417 1158 465 1223 Id.
488 1158 583 1222 160:
615 1173 766 1246 Πρόφρωνῑ
795 1154 994 1244 προθύμως·
1024 1157 1117 1246 παρὰ
1145 1159 1204 1253 τὴν

70 1288 140 1348 προ
160 1261 214 1329 καί
237 1257 276 1328 τὸ
299 1262 382 1348 φροῖ.

157 1367 208 1435 Et.
224 1366 267 1432 M.
292 1389 324 1452 p.
341 1368 419 1444 691,
442 1368 496 1429 35:
528 1380 678 1454 Πρόφρυν;
708 1362 907 1452 προθύμως·
936 1363 1030 1455 παρὰ
1056 1362 1115 1456 την
1137 1394 1203 1456 προ

72 1465 186 1535 καὶτὸ
209 1470 292 1556 φρῶ.

156 1676 249 1742 *sch.
273 1675 411 1740 Theocr.
434 1673 728 1761 Ιδ.161;’Ὑμοος.·
759 1668 928 1759 ὕπόμονός
949 1701 1000 1756 τις
1026 1670 1084 1758 ιῖίν,
1114 1673 1203 1744 καθὸ

75 1773 123 1856 είς
142 1773 307 1866 ὑπομονὴν
328 1776 386 1843 καί
408 1773 537 1868 μνήμην
555 1770 625 1864 άμει
646 1773 705 1856 τὰς
719 1779 783 1843 τῶν
798 1777 1041 1863 ἐπαινουμένων
1056 1777 1202 1867 πράξεις,

76 1879 133 1963 οδχ
152 1876 194 1962 ὡς
215 1875 373 1948 κάκείνων
394 1877 440 1971 μη
464 1875 565 1947 όντων
578 1876 695 1964 ὕμνων,
720 1874 787 1946 ἀλλ’
806 1877 857 1948 ὅτι
873 1877 915 1947 τδι
931 1877 1014 1948 άλλα
1029 1879 1204 1970 προσηίδια
1271 1971 1272 1976 ¹

74 1982 261 2071 προσιόντες
286 1989 379 2064 ναοῖς
400 1979 423 2073 ἢ
444 1989 571 2070 βωμοῖς
599 1980 685 2073 πρὸς
711 1979 810 2052 αὕλδν
837 1977 925 2075 ᾖδον,
956 1983 1013 2054 τὸν
1040 1985 1077 2052 δέ
1105 1982 1204 2070 ὕμνον

74 2085 155 2173 πρὸς
175 2084 327 2175 κιθάραν.
360 2082 453 2154 Οὕτω
474 2084 631 2172 Δίδυμος.

155 2193 207 2258 Et.
227 2193 271 2257 M.
300 2216 331 2279 p.
351 2195 473 2272 777,1:
496 2205 597 2278 Ὕμνος
631 2187 716 2257 κατὰ
749 2188 917 2283 συμκοπην
951 2187 1120 2276 ὕπόμονός
1151 2218 1204 2272 τις

76 2287 124 2374 τόν,
154 2291 241 2362 καθδ
270 2291 319 2373 εἰς
344 2287 516 2381 ὑπομονὴν
544 2292 601 2360 καί
623 2290 752 2384 μνημην
775 2289 845 2381 άχει
873 2290 933 2375 τὰς
959 2298 1024 2361 ταῖν
1046 2294 1203 2362 ἐπαινου-

75 2397 170 2480 μένων
205 2394 343 2484 πράξεις
380 2396 437 2462 καὶ
472 2390 598 2484 άρετάς.
642 2394 836 2483 κεχώρισται
871 2398 907 2465 δὲ
943 2396 1112 2486 ἐγκωμίων
1144 2399 1201 2467 καί

75 2503 262 2588 προσῳδιαῖν
283 2499 340 2567 καί
363 2496 527 2582 παιάνων,
558 2494 617 2583 οὐχ
639 2495 684 2580 ὡς
704 2495 862 2568 κάκείνων
882 2499 928 2592 μη
954 2497 1054 2570 όντων
1075 2498 1201 2587 ὕμνων·

75 2601 224 2693 γράφεται
247 2603 284 2670 δὲ
306 2601 393 2691 (γὰρ)
421 2599 521 2688 ὕμνος
549 2602 744 2692 προσῳδίας
773 2607 877 2693 (σοῖν)
901 2603 1001 2690 ὕμνος
1027 2603 1199 2692 ἐμκωμίου,

74 2701 165 2790 ὕμνος
200 2710 345 2787 παιᾶνος
376 2705 433 2772 καί
467 2703 510 2774 τὰ
542 2703 658 2792 ὕμοια·
694 2707 930 2796 [διαστέλλεται
960 2702 1005 2787 ὡς
1031 2705 1102 2797 εἴδη
1131 2705 1201 2776 άπὸ

74 2809 190 2893 μένους·
218 2804 285 2876 ἀλλ’
312 2807 363 2877 ὅτι
380 2797 427 2876 Ιτδι
456 2805 539 2876 άλλα
566 2805 897 2899 διντιδιαστέλλονται]
923 2807 1102 2899 προσςόδια
1130 2809 1200 2900 γάρ,

73 2910 158 2978 καθὰ
180 2913 342 3001 κέκληται,
366 2911 560 3002 προσιόντες
581 2919 674 2994 ναοῖς
695 2910 717 3004 ἢ
738 2919 866 3000 βωμοῖς
887 2911 973 3000 πρὸς
995 2909 1094 2982 αόλὸν
1112 2906 1199 3004 ᾖδον,

72 3013 123 3082 τὸν
151 3019 187 3084 δέ
215 3013 314 3102 ὕμνον
341 3015 426 3106 πρὸς
457 3015 609 3104 κιθάραν.
664 3015 776 3098 Οὕτως
803 3015 952 3104 Δίδυμος
981 3015 1015 3085 έν
1045 3021 1092 3107 τηῖ
1120 3018 1198 3107 περὶ

74 3121 203 3208 λυρικῶν
226 3123 382 3208 ποιητῶν.

152 3330 248 3395 *θεία
272 3330 409 3395 Theoor.
432 3330 481 3393 Id.
499 3332 515 3395 I
531 3334 586 3396 62:
611 3349 769 3418 κερτομέοι
793 3325 942 3417 ἐρεθίζω,
965 3324 1118 3412 χλευάζω.
1142 3327 1199 3396 καί

71 3450 217 3521 κερτομίοις
245 3450 370 3502 ἐπέεσσιν
401 3433 634 3521 έρεθιστικοῖς,
668 3435 934 3522 παροξυντικοῖς,
965 3435 1197 3516 χλευαστικυῖς,

71 3528 265 3626 ἀπατηλοῖς·
288 3532 459 3622 κερτόμιον
481 3535 542 3626 μὰρ
567 3535 627 3627 [τὸ]
652 3533 769 3625 λόγιον,
792 3533 830 3604 τὸ
854 3532 1141 3624 παραλογιστικόν.
1158 3575 1199 3585 -

70 3637 162 3725 Παρὰ
183 3637 223 3706 τὸ
246 3637 372 3723 τέμνειν
393 3637 431 3706 τὸ
454 3640 546 3727 κέαρ,
571 3637 590 3708 ὕ
612 3640 682 3708 ἔστι
703 3637 763 3731 τὴν
786 3638 895 3731 ψυχὴν
916 3643 981 3707 ταῖν
1004 3633 1197 3706 ἀκουόντων.

69 3744 120 3809 καί
142 3744 300 3832 κέρτομος
322 3744 340 3809 δ
362 3741 649 3832 παραλογιστικός.

148 3849 203 3912 Et.
216 3848 260 3912 M.
272 3870 304 3933 p.
318 3852 390 3931 506,
405 3851 460 3912 33:
483 3867 620 3938 ιιέρτομος
641 3843 659 3915 ὃ
676 3845 863 3937 χλευαστης,
885 3848 903 3913 δ
921 3843 960 3914 τδ
979 3844 1057 3931 κέαρ
1075 3846 1198 3932 τέμνων

68 3954 127 4017 τῶν
159 3945 357 4033 ἀκουόντων,
397 3948 453 4017 διὰ
487 3948 526 4018 τὸ
559 3947 837 4038 παραλογιστικὸν
872 3952 937 4017 τῶν
970 3947 1088 4035 λόγων·
1125 3950 1196 4037 (καί

69 4071 208 4142 κερτόμιον
235 4050 273 4121 τὸ
301 4052 609 4142 παραλογιστικόν·)
640 4055 658 4119 δ
684 4051 743 4144 την
770 4051 880 4143 ψυχὴν
905 4049 1067 4135 χλευάζων
1088 4050 1198 4140 λόχοις

69 4155 239 4236 τοιούτοις·
277 4158 334 4223 καί
367 4174 520 4246 κερτομίοις
543 4174 636 4227 ἔπεσιν
664 4157 897 4245 έρεθιστικσῖς,
934 4156 1195 4243 παροξυντικοῖς,

1226 3698 1243 3766 λ
