3070 4910
580 333 792 400 -19..

109 520 317 592 πεπλύσθαι
349 527 507 591 contineri
530 532 609 612 puto
630 526 869 611 paraphraseos
891 524 1120 610 fragmentum,
1144 524 1256 591 verbis

111 627 147 693 dr
171 625 247 715 ἔαρι
269 655 298 695 κ.
307 654 336 695 τ.
347 630 375 695 t.
400 631 598 695 scholiastae
623 628 882 694 additamentum
894 630 931 715 ¹).

201 734 257 798 Ex
280 735 445 799 contrario
476 756 516 799 ea
539 733 682 814 scholia,
717 754 852 817 quorum
883 734 916 797 in
946 733 1039 798 initio
1068 734 1125 798 illa
1155 733 1257 798 verba

111 843 250 903 exstant
272 839 424 924 proximo
441 844 515 924 post
535 837 658 902 lemma
681 836 763 918 loco,
787 837 929 901 discerni
944 838 1058 922 nequit
1080 843 1189 901 utrum
1214 859 1256 902 ex

108 942 308 1028 paraphrasi
343 942 501 1026 originem
534 940 690 1004 duxerint
726 961 767 1004 an
800 941 1036 1025 posterioribus
1070 941 1256 1005 debeantur

111 1045 311 1110 scholiastis.

204 1148 272 1213 Sed
295 1149 362 1211 iam
385 1147 493 1210 missis
518 1147 585 1227 cis,
621 1167 703 1229 quae
734 1152 825 1210 certa
853 1147 978 1212 ratione
1002 1148 1168 1211 enucleari
1190 1169 1255 1211 non

110 1258 274 1338 possunt,
298 1252 485 1332 videamus,
509 1273 586 1315 num
611 1251 710 1315 certis
733 1252 894 1335 exemplis
918 1251 1069 1335 regulae,
1092 1271 1172 1334 quas
1196 1252 1255 1315 ob-

110 1358 335 1436 servavimus,
360 1356 625 1440 comprobentur.

651 1527 725 1606 §Pa

275 1647 567 1733 Excerpuntur
598 1648 759 1711 scholia
787 1646 1101 1733 paraphrastica

445 1751 682 1835 Idylliorum
704 1750 737 1814 X
761 1756 798 1814 et
820 1749 929 1816 VIII.

201 1889 267 1962 Qui
296 1889 486 1953 memoriam
519 1879 631 1952 earum
659 1910 768 1952 rerum
795 1888 1013 1967 revocaverit,
1044 1909 1126 1972 quas
1157 1909 1255 1973 supra

7 2081 8 2084 Ἴ
110 1993 258 2080 exposui
282 1993 323 2056 de
347 1991 597 2078 paraphrasium
621 1992 712 2072 satis,
742 1993 798 2056 vix
822 2013 860 2056 eo
884 1992 1085 2073 offendetur,
1114 1991 1199 2075 quod
1223 1992 1256 2053 in

109 2099 172 2178 his,
191 2118 276 2182 quae
291 2117 334 2160 ex
346 2095 472 2181 Idylliis
484 2095 517 2158 X
530 2102 564 2159 et
574 2094 660 2159 VIII
673 2097 833 2180 excerpsi,
853 2097 984 2160 scholiis
1001 2095 1256 2181 paraphrasticis

7 2243 8 2274 2
109 2201 295 2264 miserrimc
319 2205 470 2263 truncata
486 2198 617 2262 videtur
640 2199 850 2263 continuatae
874 2193 1115 2284 paraphraseo's
1138 2198 1255 2282 image,

110 2305 171 2369 sed
194 2308 356 2388 agnoscet
379 2303 428 2365 his
446 2323 573 2387 quoque
596 2303 688 2366 novis
705 2303 867 2388 exemplis
890 2302 1033 2386 regulas,
1057 2323 1138 2386 quas
1155 2323 1256 2387 supra

109 2410 301 2495 posuimus,
327 2407 522 2472 confirmari.

200 2510 358 2574 Ceterum
388 2512 513 2574 ratione
544 2533 624 2574 usus
660 2532 731 2574 sum
761 2512 822 2574 hae
849 2510 882 2574 in
911 2511 1126 2597 excerpendis
1156 2532 1253 2596 para-

7 2605 9 2668 l
107 2617 273 2702 phraseos
288 2615 449 2679 frustulis:
473 2616 565 2680 Mera
586 2617 709 2680 scholia
731 2616 980 2702 paraphrastice
998 2616 1097 2680 latius
1115 2616 1254 2680 diductis

108 2721 232 2786 litteris
261 2719 405 2783 distinxi.
455 2718 548 2791 Quae
579 2719 703 2784 scholia
733 2719 854 2783 leviore
884 2720 1023 2803 quodam
1053 2719 1149 2783 modo
1182 2742 1255 2784 oum

109 2825 260 2910 genuina
282 2823 475 2908 paraphrasi
498 2823 674 2887 cohaerere
697 2823 777 2886 mihi
799 2823 1004 2902 videbantur,
1031 2845 1071 2887 ca
1094 2826 1255 2910 exscripsi

110 2929 243 3014 partim,
268 2927 389 3011 partim
413 2945 686 3006 commemorasse
708 2927 787 2989 satis
811 2927 921 2989 habui.
958 2927 1024 2990 Ubi
1048 2928 1118 2990 fieri
1139 2930 1253 3012 potuit,

110 3053 232 3116 eorpus
246 3029 492 3092 Ahrensianum
505 3029 637 3093 adhibui
652 3030 693 3093 ad
708 3030 890 3115 supplenda
902 3031 1026 3094 scholia
1038 3032 1254 3115 Ziegleriana.

591 3185 716 3270 Idyll.
740 3185 782 3253 X.

198 3305 249 3390 (1)
267 3299 309 3369 τὰ
327 3297 452 3393 albdag·
475 3294 753 3390 ὦταλαίττωρε
767 3301 959 3390 decresci,
980 3303 1020 3370 τί
1036 3303 1254 3386 πεπονθὼς

108 3401 199 3473 oilae
228 3402 301 3494 τὴν
330 3403 450 3486 τάξιν
478 3401 527 3486 ὡς
556 3403 754 3493 πρότερον
791 3410 1007 3495 διατηρεῖς,
1044 3403 1136 3474 oda'
1171 3406 1252 3494 ἅμα

107 3513 159 3598 τῷ
183 3507 364 3598 πλησίον
386 3508 590 3598 θερίζεις,
616 3504 711 3576 ἀλλὰ
734 3517 1021 3598 subcaesoria,-

198 3615 407 3680 Voeabulum
432 3632 543 3699 βοιικαῐε
563 3617 596 3679 in
616 3616 807 3702 paraphrasi
830 3640 895 3681 non
916 3619 1072 3700 redditur,
1099 3618 1252 3702 quoniam

108 3719 272 3804 peculiari
297 3719 418 3783 scholio
442 3721 637 3804 explicatur.

200 3928 221 3994 1)
240 3925 306 3979 Alia
324 3927 451 3995 exempla
469 3927 539 3980 haec
557 3926 673 3980 adnoto:

197 4013 288 4066 Schol.
308 4012 348 4066 ld.
368 4013 407 4066 IV
426 4015 459 4066 39
483 4014 519 4081 (Z.
539 4031 567 4081 p.
579 4014 638 4081 aul:
662 4010 727 4065 ὅσον
746 4014 775 4064 αἱ
794 4000 869 4082 αἶγες
887 4013 966 4082 φίλαι
983 4031 1039 4083 μοι,
1058 4013 1188 4068 τοσοῦτον
1206 4011 1251 4068 καὶ

110 4097 143 4150 od
172 4086 244 4150 odeo
272 4098 427 4171 προσφιλής
452 4095 571 4168 ἀπέσβης
600 4097 722 4168 [ἤγουν
746 4097 902 4168 ἁττέθανες].
927 4131 959 4139 -
991 4099 1081 4155 Schol.
1105 4100 1181 4154 Id.V
1202 4102 1250 4154 141

110 4185 146 4251 (Ζ,
166 4185 267 4254 ρ.,46);
298 4184 505 4256 ‘imperitaret
528 4187 694 4258 φριμαγμόν
714 4184 846 4240 dnodidov
864 4183 928 4257 μεθ’
946 4187 1059 4257 ἡδονῆς,
1087 4187 1252 4256 [τουτέστι

110 4271 245 4344 βρενθύου
263 4269 309 4322 καὶ
328 4270 497 4344 enutriebam]
519 4260 541 4324 oi
559 4274 634 4324 πᾶσα
653 4268 745 4343 ἀγέλη.

503 4363 505 4368 ,
1060 4364 1094 4415 2,
