3070 4910
528 233 740 297 -63-

96 426 127 491 l.
152 423 316 489 Scholia
339 439 386 488 cx
408 421 510 487 libro
533 423 713 506 quodam,
738 444 810 508 quo
833 429 1027 490 tractatae
1051 430 1161 490 erant

328 523 456 606 λέξεις
473 518 666 606 Ἀττικαί,
691 526 926 614 deprompta.

12 675 13 722 3
145 649 258 714 Pauca
286 648 412 712 scholia
434 649 467 711 in
499 667 538 712 eo
562 655 751 728 versantur,
784 655 821 711 ut
848 671 906 735 pro
936 647 1067 715 dialecti
1094 647 1197 712 forma

64 752 225 834 vocabuli,
254 773 318 837 qua
351 758 449 836 poeta
474 773 554 814 usus
587 758 653 828 est,
684 753 856 816 enuntient
885 773 974 831 eam,
1004 773 1068 836 qua
1097 751 1196 834 vulgo

12 847 13 850 '
66 856 163 919 Attici
187 856 336 919 homines
359 854 547 919 utebantur.
585 853 676 926 Quae
701 856 824 920 scholia
848 855 1027 942 repetenda
1050 857 1197 941 suspicor

12 1035 13 1044 ἵ
66 980 105 1020 ex
127 959 208 1023 libro
228 960 338 1044 aliquo
360 950 699 1038 „ls'gemv‘Ararauivffi
725 980 860 1043 quorum
882 981 944 1023 non
962 981 1067 1045 pauca
1083 978 1195 1023 exem-

66 1063 165 1146 plaria
187 1062 380 1149 pervulgata
402 1063 504 1125 fuisse
528 1068 663 1128 constat.

150 1167 232 1231 Sunt
254 1171 364 1230 autem
389 1167 442 1250 qui
465 1165 529 1230 huc
546 1172 695 1251 spectant
717 1166 781 1229 loci
805 1163 838 1229 hi
863 1187 939 1230 sex:
964 1165 1038 1230 Sch.
1055 1163 1196 1231 Theocr.

68 1269 161 1336 mn
179 1273 229 1350 ao,
252 1269 352 1350 1115,
375 1270 408 1334 v
426 1272 475 1348 15,
498 1268 566 1333 vu
584 1274 654 1351 uo,
677 1267 744 1333 vn
764 1273 833 1350 ru,
856 1269 939 1335 xiv
955 1273 1005 1334 34.

111 1457 113 1460 -
167 1411 194 1473 3.
218 1407 393 1486 Scholia,
417 1429 513 1491 quae
537 1413 716 1492 spectant
740 1407 787 1471 ad
810 1408 1029 1493 plantarum
1054 1414 1093 1473 et

333 1511 585 1575 animantium
609 1509 925 1596 descriptionem.

151 1625 230 1690 Oum
252 1625 285 1688 in
312 1625 404 1710 poesi
430 1623 582 1687 bucolica
612 1624 743 1709 saepius
770 1624 970 1708 plantarum,
998 1625 1104 1688 rarius
1128 1625 1197 1687 aui-

72 1729 194 1793 malium
226 1730 349 1793 mentio
382 1729 455 1808 fiat,
490 1727 530 1791 ad
567 1748 678 1791 eorum
711 1726 962 1812 descriptionem
998 1749 1063 1791 nou
1091 1749 1197 1814 pauca

73 1833 186 1896 scholia
206 1832 381 1918 pertinent.
427 1830 571 1903 Quorum
601 1851 796 1916 quamquam
824 1831 947 1916 aliquot
969 1852 1013 1895 ex
1035 1831 1196 1895 Charonis

72 1935 268 2000 historiarum
286 1935 398 1998 libello
416 1956 588 1998 emanasse
606 1956 705 2020 supra
721 1934 929 2012 oonieeimua
950 1956 1069 2020 magna
1082 1941 1193 1999 tamen

74 2058 175 2102 eorum
197 2030 274 2125 pars
298 2023 433 2124 propter
454 2037 656 2122 singularem
685 2037 834 2101 habitum
858 2038 1063 2123 similemque
1091 2038 1196 2123 expli-

74 2143 156 2206 candi
179 2145 338 2207 rationem
361 2141 533 2206 referenda
555 2141 685 2205 videtur
707 2140 748 2206 ad
763 2142 866 2204 virum
890 2141 1031 2226 aliquem
1055 2141 1195 2223 doctum,
1289 2129 1293 2141 ’

75 2247 172 2330 quiid
200 2247 348 2333 inprimis
371 2252 567 2332 persecutus
600 2245 657 2324 sit,
685 2251 720 2308 ut
743 2244 913 2330 physicam
936 2244 1114 2309 doctrinam
1138 2245 1195 2309 ad-

74 2349 189 2416 hiberet
217 2351 258 2415 ad
286 2349 568 2436 interpretandum
598 2347 824 2422 Theocritum
856 2367 994 2431 eumque
1023 2348 1196 2413 admodum

73 2457 200 2540 antiquis
217 2454 418 2540 temporibus
432 2454 579 2517 floruisse
592 2453 708 2537 opinor
719 2452 805 2532 ideo,
820 2452 907 2536 quod
918 2473 983 2516 non
995 2474 1068 2517 raro
1083 2454 1195 2538 optimi

72 2563 168 2622 testes
185 2559 379 2640 excitantur,
403 2556 505 2621 veluti
527 2555 724 2620 Aristoteles
749 2555 839 2641 (Sch.
860 2555 997 2623 Theocr.
1023 2556 1071 2621 Id.
1088 2557 1123 2620 II
1136 2559 1194 2633 48;

74 2659 138 2728 Sch.
162 2663 211 2726 Id.
227 2661 295 2726 VII
316 2665 373 2736 22;
403 2660 477 2726 Sch.
502 2659 550 2725 Id.
567 2660 633 2725 VH
657 2659 731 2746 141)
765 2667 798 2724 et
823 2659 1070 2745 Theophrastus
1103 2658 1193 2745 (Sch.

74 2762 198 2830 Theoor.
222 2765 272 2830 Id.
294 2764 311 2828 Ι
335 2768 392 2850 52;
422 2765 497 2829 Seh.
520 2762 569 2827 ld.
589 2764 607 2827 I
631 2768 707 2838 115;
731 2764 807 2830 Scb.
830 2762 879 2827 Id.
902 2763 937 2826 II
960 2765 1016 2836 48;
1048 2763 1123 2829 Sch.
1144 2764 1193 2829 Id.

73 2866 149 2932 Van
171 2863 426 2953 (Κυνόσβατος);
452 2867 527 2932 Soh.
550 2866 599 2931 Id.
612 2867 644 2931 V
660 2865 726 2950 97).

172 3011 203 3070 4.
232 3002 403 3085 Scholia,
429 3003 571 3089 quibus
596 3003 844 3089 explicantur
865 3004 1082 3089 proverbia.
1145 3071 1151 3078 ,

146 3119 216 3183 Non
240 3118 353 3203 paucis
382 3116 515 3180 scholiis
540 3115 747 3180 illustrantur
775 3117 805 3180 ei
832 3117 896 3180 loci
920 3115 1125 3199 Theocritei,
1160 3119 1193 3183 iu

74 3223 176 3305 quibus
201 3221 374 3307 proverbia
396 3221 508 3284 insunt
523 3220 576 3284 vel
600 3221 834 3304 significantur,
859 3242 962 3305 eaque
980 3243 1053 3285 cum
1076 3223 1191 3287 eodem

74 3325 247 3411 explicandi
275 3324 372 3389 modo
402 3324 545 3409 insignia
573 3324 651 3404 sint,
683 3324 779 3388 unius
812 3324 1025 3410 eiusdemque
1054 3326 1193 3391 hominis

74 3429 167 3495 studia
182 3430 338 3495 indicant.
374 3428 457 3493 Sunt
472 3434 581 3492 autem
597 3427 698 3492 haec:
724 3426 853 3491 Scholia
869 3427 910 3491 ad
925 3428 1063 3494 Theoer.
1079 3429 1129 3494 IV
1141 3433 1191 3510 33,

72 3528 276 3614 manvei,
292 3531 498 3611 V23‚V3l,
516 3531 612 3612 Vsa,
628 3529 958 3612 V61,V65,V118,
975 3532 1008 3595 X
1024 3537 1072 3612 11,
1095 3533 1191 3613 Xl3‚

73 3632 157 3714 xm,
190 3634 241 3697 XI
257 3636 306 3716 75,
337 3633 421 3699 XIV
437 3635 487 3711 43,
515 3632 597 3699 XIV
613 3637 664 3714 51,
687 3632 769 3698 XIV
784 3638 910 3698 22-24
934 3629 1061 3716 (Λύκον
1083 3627 1191 3720 εἶδες),

17 3807 24 3814 ,
73 3735 125 3801 XV
137 3742 187 3816 77,
209 3737 292 3801 XVI
307 3740 356 3816 18,
380 3737 430 3801 IX
445 3741 483 3802 16
506 3735 561 3823 (ex
577 3737 726 3801 Medicco
743 3737 878 3801 XXXII
890 3739 946 3800 37:
971 3738 1042 3822 Zgl.
1058 3761 1090 3824 p.
1105 3741 1190 3822 102).

145 3841 238 3914 Quae
251 3840 424 3926 proverbia
437 3862 510 3904 cum
521 3840 677 3926 pleraque
694 3839 817 3925 (addito
829 3861 1070 3925 nonnumquam
1082 3841 1190 3906 Theo-

73 3944 132 4008 criti
146 3943 290 4028 nomine)
315 3943 450 4009 redeant
471 3945 504 4008 in
519 3944 684 4030 Apostolii
706 3943 951 4027 proverbiorum
974 3965 1109 4030 corpore
1132 3946 1190 4009 ad-

71 4045 240 4130 danturque
257 4067 321 4110 non
337 4067 441 4132 panea
456 4047 531 4127 alia,
554 4065 638 4130 quae
653 4064 740 4107 nunc
763 4045 796 4107 in
813 4044 887 4110 Seh.
904 4044 1041 4114 Theocr.
1061 4048 1190 4132 desunt,

71 4149 226 4233 probabile
250 4155 301 4214 est
323 4149 487 4237 Apostolii
510 4155 661 4214 auctores
683 4148 835 4212 hausisse
860 4168 902 4211 ex
926 4149 1057 4214 scholiis
1081 4150 1189 4226 Theo-

1156 4433 1187 4442 ,.,
1210 4431 1218 4438 »-
1246 4423 1249 4426 “

1142 4441 1196 4562 rr

1128 4525 1137 4540 S

1142 4581 1144 4592 ι

1137 4605 1140 4618 l
