3070 4910
644 298 645 302 ,
730 278 780 292 --
816 243 866 304 402
903 275 941 286 -

277 433 359 496 citer
387 425 588 516 ,,βουκό,λου“
616 430 746 492 nomine
775 427 991 513 appellaverit
1020 426 1093 511 (eir.
1116 427 1191 510 pag.
1212 427 1352 492 39'adn.
1370 429 1421 511 2),

276 557 341 598 non
364 535 513 619 ignarum
536 533 638 596 luisse
663 532 841 596 studiorum
866 531 1141 594 Theocriteorum.

360 655 480 718 Rarius
509 651 664 716 traditum
696 657 747 715 est
770 650 939 735 Apollonii
962 671 1080 713 nomen
1104 651 1136 712 in
1162 637 1236 715 seh.
1260 650 1419 713 Theocr..

275 757 369 821 Unus
391 762 518 820 tantum
541 756 666 819 duobus
682 756 757 837 illis,
781 776 916 839 quorum
936 755 1001 818 iarn
1015 753 1195 817 Ahrensius
1211 755 1418 817 mentionem
1508 823 1509 832 ¹

276 852 407 944 δουλοῖ),
443 858 611 924 addendus
641 866 692 923 est
721 858 828 938 locus,
864 857 921 920 ubi
955 844 1074 920 omisso
1107 858 1248 920 auctoris
1282 860 1418 922 nomine

277 965 461 1031 excitantur
484 963 592 1048 Apoll.
615 961 678 1026 Rh.
704 962 778 1025 libri
800 959 816 1024 Ι
840 982 954 1024 versus
979 963 1041 1024 769
1065 966 1098 1024 et
1122 962 1197 1023 77οε
1226 1023 1228 1027 ⁴

477 1081 598 1149 δεξιτερῇ
617 1077 714 1133 δ’ἐλεν
732 1078 814 1148 ἔγχος
832 1078 968 1147 ἑκηβόλον,
987 1075 1003 1129 ὅ
1021 1079 1045 1150 ῥ’
1060 1074 1206 1146 Ἀταλάντη

476 1166 607 1237 Μαινάλῳ
626 1167 656 1219 ἐν
673 1168 742 1219 ποτέ
759 1169 785 1219 ol
802 1165 921 1235 ξεινήϊον
939 1165 1107 1234 ἐγγυάλιξεν.
1211 1215 1213 1220 ,

362 1271 485 1336 Scholii
508 1277 618 1335 autern
641 1271 742 1344 verba
766 1271 819 1349 (ad
844 1270 893 1336 Id.
909 1271 926 1334 I
945 1270 1033 1353 l2l):
1067 1285 1223 1340 Mainalos:
1243 1263 1319 1356 ὅρος
1337 1263 1417 1356 'Ap-

276 1371 395 1453 καδίας
422 1367 491 1440 άπὸ
521 1369 697 1439 Μαινάλου
728 1375 788 1440 τοῦ
809 1369 983 1452 Λυκάονος
1019 1370 1092 1439 niori
1119 1367 1253 1460 Ἑρμοῦ·
1288 1370 1416 1461 ἔνθου)

274 1473 454 1565 Ἀταλάντη
483 1479 530 1564 τῷ
554 1470 674 1542 Ἰάσονι
702 1475 884 1562 παρέσχετο
915 1472 992 1562 δόρυ
1024 1474 1139 1556 ξένιον·
1172 1478 1318 1562 quamvis
1343 1500 1415 1542 cor·
1508 1497 1509 1504 ¹

276 1589 373 1669 rupta
396 1581 508 1665 sint²)‚
533 1573 711 1644 communis
737 1603 808 1644 cum
833 1582 966 1645 scholiis
984 1581 1091 1666 Apoll.
1117 1582 1250 1665 originis
1274 1583 1418 1667 vestigia
1508 1601 1509 1638 1

278 1692 501 1751 servaverunt:

274 1989 445 2081 Ἀρκάδος,
470 1990 514 2072 δίς
536 2016 636 2081 φησιν
653 1988 848 2070 Ἑλλάνικος.

365 2117 399 2196 b)
425 2116 501 2181 Sch.
526 2116 635 2201 Apoll.
659 2115 676 2177 I
702 2118 762 2178 168
787 2115 832 2200 (p.
850 2117 922 2192 313,
943 2118 1013 2199 34);
1047 2111 1222 2192 Μαίναλος
1244 2108 1321 2200 ίίρος
1341 2111 1418 2202 Ἀρ·
1508 2169 1509 2192 ,

280 2249 486 2256 -——-.-—-

371 2324 390 2388 1)
410 2321 471 2375 Sch.
491 2320 605 2374 Theocr.
624 2321 663 2373 Id.
682 2320 749 2373 XIII
769 2320 784 2372 7
803 2321 831 2372 et
848 2319 889 2372 48.

370 2428 392 2490 ²)
412 2424 474 2477 Nisi
492 2423 645 2477 audaculus
664 2424 767 2486 videar,
785 2422 907 2491 suspicer
919 2440 969 2490 pro
984 2419 1046 2494 ὅρος
1056 2418 1195 2492 Ἀρκαδίας
1208 2419 1263 2474 rimi
1276 2424 1419 2476 Μαινάλου
1508 2415 1509 2434 ’

280 2513 329 2564 τοῦ
351 2511 491 2570 Λυκάονος
515 2513 576 2563 υἱοῦ
596 2511 694 2582 Ῥρμοῦ
720 2510 788 2564 olim
815 2510 949 2578 scriptum
977 2509 1074 2563 fuisse:
1112 2507 1174 2581 ὅρος
1193 2507 1334 2581 Ἀρκαδίας
1364 2509 1419 2564 rino*
1508 2541 1509 2588 3

281 2597 422 2650 Μαινάλου
440 2599 489 2650 τοῦ
504 2594 638 2670 Ἀρκάδος,
658 2587 689 2650 οῦ
707 2597 797 2669 πατήρ
811 2597 929 2649 Λυκάων
947 2599 1004 2665 (cfr.
1024 2597 1084 2651 Sch.
1104 2598 1194 2666 Apoll.
1214 2600 1226 2651 I
1246 2600 1296 2653 168
1319 2618 1346 2667 p.
1360 2600 1419 2662 313,

280 2685 333 2751 34).
377 2685 412 2738 Et
433 2683 588 2754 Zieglerum
618 2687 646 2738 et
673 2684 838 2738 Ahrensium
866 2684 941 2753 fugit
967 2684 1053 2737 verba
1077 2683 1217 2742 Λυκάονος
1243 2687 1304 2736 υἱοῦ
1322 2685 1421 2756 Ἑρμοῦ

281 2771 358 2824 nullo
386 2771 468 2825 modo
496 2789 647 2841 congruere
674 2790 736 2828 cum
764 2771 868 2847 scholio
896 2771 931 2824 ad
955 2788 1064 2824 versum
1090 2771 1301 2824 antecedentem
1325 2775 1419 2841 ((123):
1508 2811 1509 2824 ι

282 2857 445 2910 Λυκαίου·
472 2857 595 2910 Λύκαιον
619 2855 681 2930 ὅρος
703 2855 842 2929 Ἀρκαδίας
864 2859 965 2925 κληθὲν
993 2853 1047 2909 (ind
1070 2857 1210 2916 Λυκάονος
1237 2860 1293 2910 τοῦ
1317 2861 1420 2912 Πελα-
1508 2877 1509 2903 r

282 2945 370 3012 σγοῦ
387 2963 443 2998 κ.τ.
456 2945 498 3012 λ.).
529 2947 649 2999 Possunt
668 2953 763 2999 autem
781 2946 850 2998 haec
868 2945 970 2998 menda
988 2944 1121 3012 explicari
1140 2961 1173 2997 ex
1185 2944 1276 2997 verbis
1293 2947 1421 3014 proxime
1508 2929 1509 2976 i

282 3030 525 3084 antecedentibus:
615 3033 653 3090 είς
670 3031 686 3082 δ
704 3029 766 3102 άρος
790 3031 926 3083 ἐλθοῦσαν
947 3031 998 3098 τήν
1021 3029 1162 3089 Λυκάονος
1184 3032 1326 3099 θυγατέρα
1351 3035 1421 3086 Καλ-

282 3115 364 3168 λιοτιδ
381 3116 435 3168 δυο
450 3117 549 3188 Ἑρμοῦ
566 3119 706 3188 τραφῆναι
724 3113 824 3188 άρκτον
842 3104 936 3169 οῦσαν·
947 3134 977 3169 κ,
989 3116 1057 3180 τ.λ.,
1076 3133 1148 3184 quae
1161 3116 1291 3169 librarius
1305 3118 1420 3185 quidam

283 3203 395 3256 videtur
413 3220 474 3257 curn
493 3203 616 3273 genuino
635 3205 714 3257 textu
734 3203 944 3258 commiscuisse.

372 3308 393 3374 3)
413 3308 445 3360 In
469 3307 529 3362 Sch.
554 3309 645 3376 Apoll.
665 3309 678 3361 I
697 3309 747 3362 769
772 3309 809 3377 (p.
823 3308 882 3372 347,
901 3310 944 3375 11)
968 3307 1100 3376 legimus:
1127 3307 1206 3378 ἑτέρα
1231 3307 1286 3378 γάρ
1311 3309 1387 3362 ἐστιν
1405 3311 1422 3378 ἡ

367 1791 423 1854 cfr.
447 1789 480 1874 a)
505 1789 581 1855 sch.
605 1787 714 1873 upon.
739 1788 756 1850 r
781 1791 842 1850 τοο
873 1792 917 1874 (p.
939 1791 1012 1867 arr,
1039 1786 1141 1872 rap:
1176 1784 1354 1866 ιιιιιαιος
1381 1787 1418 1852 οι
1508 1745 1509 1784 ³

280 1886 355 1978 ίίρος
375 1885 563 1977 Ἀρκαδίας,
587 1889 620 1955 ἐν
643 1878 670 1977 ᾦ
691 1883 904 1976 ῆἎταλάντη
927 1889 1045 1978 διῆγεν,
1070 1884 1140 1956 dmi
1157 1886 1335 1958 Μαινάλου
1358 1893 1417 1957 τοῦ
1508 1935 1509 2000 η

284 3388 413 3460 Ἀργεία
430 3393 448 3462 ἡ
467 3395 611 3462 Σχοινέως,
635 3393 670 3463 ἢν
688 3392 792 3464 ἔγημεν
809 3393 1021 3465 Ἱππομέδων.
1058 3396 1096 3447 At
1114 3411 1176 3447 cum
1195 3412 1333 3461 nusquam
1352 3397 1422 3449 alibi
1508 3467 1509 3472 Ἰ

283 3479 369 3532 verba
388 3480 458 3532 fiant
482 3479 516 3533 de
534 3481 671 3534 Atalanta
688 3481 807 3550 Argiva,
830 3482 877 3534 sed
896 3481 930 3534 de
949 3480 1084 3534 Arcadica
1102 3482 1130 3533 et
1149 3481 1277 3544 Boeotia,
1302 3500 1421 3549 quarum
1508 3517 1509 3530 ι

283 3565 359 3633 prior
381 3565 437 3619 iarn
463 3566 588 3619 indicata
614 3569 656 3620 est
681 3567 786 3632 verbis,
811 3585 883 3636 quae
908 3568 1089 3622 antecedunt:
1113 3563 1201 3619 Ἰάσου
1224 3566 1363 3642 θυγάτηρ,
1388 3569 1422 3638 ἢν

284 3650 388 3722 ἔγημεν
406 3653 555 3719 Μιλανίων,
574 3654 778 3708 emendandum
797 3655 915 3709 conicio:
939 3655 957 3725 ἡ
977 3654 1137 3714 Βοιωτίας
1154 3655 1172 3724 ἡ
1190 3657 1334 3724 Σχοινέως,
1359 3675 1420 3709 cum
1508 3645 1509 3652 ί

285 3739 448 3806 praesertim
462 3739 618 3794 Schoeneus
636 3757 666 3792 re
684 3757 750 3793 vera
768 3758 816 3794 rex
829 3741 962 3795 Boeotiae
978 3740 1063 3794 fuisse
1078 3741 1194 3794 dicatur.
1224 3741 1340 3806 Deinde,
1359 3761 1422 3796 cum
1508 3775 1509 3780 =

285 3824 358 3878 hanc
381 3826 527 3879 Boeotiam
545 3827 699 3880 Atalanten
722 3844 778 3880 non
802 3827 997 3896 Hippomedon
1022 3827 1052 3881 in
1075 3827 1284 3882 matrimonium
1310 3828 1423 3882 duxerit
1508 3859 1509 3892 3

286 3911 334 3965 sed
358 3912 559 3980 Hippomenes,
589 3915 667 3968 cuius
695 3931 796 3968 nomen
826 3916 902 3984 apud
927 3916 1105 3970 Theocritum
1131 3915 1221 3984 ipsum
1248 3914 1298 3981 (Id.
1316 3916 1421 3982 11140)

285 3997 398 4066 legitur,
416 4016 467 4068 pro
480 3999 648 4070 Ἱππομέδων
665 4000 869 4054 restituendum
888 4003 956 4070 puto
966 4001 1133 4071 Ἱππομένης.
1165 4002 1218 4056 Cir.
1231 4002 1292 4056 Sch.
1306 4003 1421 4057 Theocr.

285 4083 448 4138 Id.11141:
476 4084 525 4137 δύο
546 4081 703 4139 Ἀταλάνται
727 4086 804 4153 εἰσίν,
829 4087 848 4157 η“
870 4090 924 4159 μὲν
944 4084 1094 4160 Ἀρκαδίας,
1118 4088 1137 4156 ηι
1159 4088 1189 4140 δὲ
1212 4088 1379 4148 Βοιωτίας.
1404 4089 1423 4158 ἦ
1508 4107 1509 4140 1

285 4171 449 4239 Σχοινέως
466 4171 560 4224 τοίνυν
576 4172 711 4245 θυγάτηρ,
730 4174 896 4244 Βοιωτική
914 4163 984 4227 odon
1002 4193 1025 4227 κ.
1036 4194 1058 4227 τ.
1070 4176 1093 4226 λ.
