3070 4910
747 292 961 353 „22-

284 480 415 544 licuerit
426 479 465 565 ¹);
502 502 588 545 nunc
622 480 817 565 comparatis
850 478 974 542 scholio
1013 477 1220 563 Ziegleriano
1248 481 1289 544 ad
1320 503 1350 547 v.
1368 484 1429 545 31:
1517 553 1518 558 ρ

285 600 311 652 ‘A
329 602 456 670 γέρανος
487 577 665 668 ἀρχομένου
688 577 816 668 σπόρου
839 578 874 647 oi
898 579 1025 668 γέρανοι
1049 577 1224 668 φαίνονται
1254 590 1287 647 et
1315 585 1429 670 priore

286 695 378 772 parte
415 688 529 752 scholii
558 687 772 752 Ahrensiani:
800 701 825 753 ‘A
843 702 959 773 γέρανος
976 699 1126 772 τῶροτρον·
1154 678 1333 769 ἀρχομένου
1363 684 1429 774 γὰρ

286 784 413 875 σπόρου
442 786 477 855 oi
500 788 628 876 γέρανοι
651 785 826 877 (μαίνονται
856 787 975 874 (altere
997 809 1073 873 pars
1097 788 1180 854 haec
1203 796 1269 854 est:
1304 786 1367 876 ἐγώ
1392 791 1431 857 δὲ

285 890 343 957 ἐπὶ
359 891 414 959 σοὶ
430 891 550 976 μανίαν
566 890 641 980 ἔχω)
665 895 762 958 unius
786 915 823 958 ao
846 893 967 957 vetusti
991 893 1107 957 scholii
1130 895 1284 978 reliquias
1310 918 1428 982 super-

286 1017 360 1062 esse
384 1005 531 1084 apparet.

373 1100 590 1166 continuatur
620 1103 682 1166 hoc
716 1101 875 1166 scholium
904 1099 1047 1181 duobus,
1083 1122 1166 1185 quae
1196 1103 1353 1188 leguntur
1385 1107 1429 1170 ad

286 1226 316 1270 v.
334 1208 374 1268 32
399 1211 432 1269 et
454 1227 483 1269 v.
503 1208 558 1269 34:

373 1307 443 1394 (32)
467 1303 561 1374 ε’ίθε
583 1302 804 1396 ἐκεκτήμην
828 1308 911 1392 (cod.
931 1303 1134 1393 ἒκεκτοίμην)
1156 1303 1207 1372 τὰ
1229 1306 1427 1392 Κροίσου·

286 1404 514 1499 ἀμφότεροι
538 1405 582 1476 ἀν
604 1401 699 1500 ἦμεν
721 1407 856 1496 ὥσπερ
877 1415 1017 1496 χρυσοῖ
1035 1404 1307 1500 τῇἈφροδίτη
1327 1407 1428 1480 ἀνα-

284 1510 475 1598 κείμενοι.
1068 1585 1070 1588 .

377 1617 534 1704 (34-35)
564 1613 607 1682 σὺ
630 1615 698 1701 μὲν
721 1610 782 1698 ἀν,
808 1612 923 1704 φησίν,
952 1609 1101 1696 αόλοός
1122 1612 1144 1705 ἢ
1166 1612 1283 1703 ῥόδον
1305 1612 1328 1707 ἢ
1349 1622 1430 1708 μῆ·
1517 1611 1518 1620 ¹

286 1721 355 1786 λον
377 1713 491 1802 εἶχες,
525 1717 597 1807 ἐγὼ
624 1718 670 1813 yde*
700 1716 820 1786 καλὸν
843 1715 971 1798 ὄνθος
999 1714 1049 1799 ὡς
1072 1716 1115 1785 ἀν
1139 1723 1272 1809 σχῆμα
1294 1720 1429 1806 λαβὼν

287 1817 481 1910 ὀρχηστοῦ
517 1824 586 1891 καὶ
618 1818 679 1890 ότι)
718 1819 962 1911 ἀμφοτέροις
995 1827 1081 1903 τοῖς
1111 1823 1237 1890 ποσὶν
1269 1819 1430 1916 όμοόή-
1517 1899 1518 1919 η

285 1929 436 2010 ματοῖ).
482 1929 599 2013 (Deest
621 1929 816 1992 vocobulum
837 1927 955 2012 καινάς.)

373 2032 575 2112 Verborum,
610 2053 693 2116 quae
725 2031 880 2117 deinceps
916 2037 1026 2095 cantat
1054 2030 1151 2112 Milo,
1191 2053 1301 2096 merae
1329 2057 1429 2119 para·
1517 2048 1518 2064 ¹

287 2136 446 2221 phraseos
464 2135 601 2199 frustula
616 2134 734 2220 partim
752 2155 794 2197 ex
809 2133 1013 2218 Zieglerieno
1028 2135 1146 2220 partim
1162 2158 1204 2200 ex
1216 2136 1429 2203 Ahrensieno
1517 2163 1518 2172 ¹

288 2239 485 2302 scholiorum
508 2258 645 2324 corpore
670 2238 828 2322 expiscati
851 2258 962 2300 sumus
984 2237 1081 2301 haec:

371 2341 424 2404 Ex
441 2342 646 2426 Ziegleriano
662 2340 741 2404 hoc:
766 2337 835 2424 (38)
849 2332 994 2417 ’Όντως
1009 2335 1052 2427 ὃν)
1069 2336 1193 2420 καλὰς
1209 2343 1430 2424 συντιθείς
1517 2347 1518 2424 f

287 2438 431 2522 ἀοιδὰς
458 2438 676 2520 ἐλάνθανες
698 2435 815 2530 ἡμᾶς,
840 2431 867 2506 ul
889 2447 1075 2508 Βουκαῖε.
1517 2441 1518 2522 ζ

371 2547 425 2610 Ex
447 2545 655 2611 Ahrensiano
678 2546 775 2611 haec:
808 2548 878 2628 (39)
907 2538 955 2623 ὡς
983 2535 1024 2611 εὖ
1050 2541 1093 2611 τό
1123 2547 1192 2635 τῆς
1222 2541 1429 2633 ἁρμονίας
1517 2601 1518 2610 ³

287 2642 394 2727 εἶδος
416 2643 660 2734 ε’ρρόθμισεν
683 2649 700 2712 ὁ
722 2652 934 2733 βουκαῐος.
981 2649 1075 2734 (Ahr.
1099 2650 1134 2713 II
1156 2674 1187 2737 p.
1205 2655 1310 2733 325‚8
1329 2660 1363 2718 et
1380 2658 1425 2738 9).
1517 2671 1518 2674 ’

374 2769 443 2855 (41)
471 2767 622 2835 Θέασαι
646 2766 700 2850 de',
725 2791 820 2857 φησι,
849 2767 917 2834 καί
940 2765 1085 2856 ταύτην
1106 2767 1176 2859 τὴν
1197 2771 1428 2860 τραγῳδίαν

287 2873 355 2938 τοῦ
367 2869 610 2958 Λυτιὲρσου,
627 2861 672 2960 ἣν
686 2871 815 2957 μέλλω
831 2863 942 2960 ᾆσαι.
972 2873 1427 2965 (Ahr.11p.325,18et19).

378 3082 398 3146 ¹)
418 3079 481 3133 Vid.
501 3079 566 3132 Ahr.
585 3079 612 3132 ll
631 3079 720 3133 Praei.
738 3098 764 3147 p.
779 3079 845 3135 XIV
863 3081 915 3146 §3

376 3185 397 3249 ²)
417 3181 558 3251 Zieglerue
569 3181 600 3234 in
613 3182 654 3236 ed.
669 3199 750 3236 earm.
765 3183 879 3236 Theocr.
893 3183 928 3235 ud
941 3201 966 3236 v.
979 3185 1014 3238 35
1026 3184 1095 3238 haec
1108 3185 1238 3240 adnotat:
1258 3189 1315 3250 ‚‚35.
1330 3190 1429 3261 σχοῖμι

288 3287 314 3338 p.
335 3271 363 3321 et
384 3268 485 3322 Scholl.
511 3287 574 3322 cum
595 3287 621 3323 v.
640 3268 657 3322 1.
681 3270 784 3338 σχῆμα.
808 3299 841 3307 -
869 3270 956 3322 Totus
980 3269 1056 3325 locus
1080 3270 1204 3325 nondum
1232 3277 1347 3327 sanutus
1376 3279 1427 3332 est.
1517 3263 1518 3285 ¹

288 3354 401 3408 Duobus
420 3353 509 3407 modis
529 3372 592 3408 eum
611 3354 678 3408 olim
697 3354 830 3423 scriptum
843 3353 927 3408 fuisse
940 3354 1050 3424 colligit
1062 3356 1212 3411 Hermann.
1226 3375 1240 3412 e
1252 3378 1277 3414 v.
1290 3360 1308 3413 l.
1321 3362 1427 3432 σχοῖμι.
1517 3359 1518 3424 l

288 3441 360 3496 Vide
380 3442 494 3509 Opuscc.
506 3441 540 3495 V.
572 3441 708 3508 Equidem
726 3458 830 3505 vereor,
849 3458 885 3494 ne
905 3441 1013 3510 ¹eliquid
1032 3442 1173 3498 exciderit.
1204 3446 1256 3500 cfr.
1276 3447 1366 3502 Schol.
1386 3449 1425 3503 ln:
1517 3439 1518 3480 l

288 3528 323 3580 σι’
335 3530 388 3598 μὲν
401 3525 678 3597 ἀν-όποδήματα.“
708 3529 784 3582 Haec
797 3529 944 3596 Zieglerus.
972 3529 1108 3598 liquidem
1123 3548 1195 3601 nego
1208 3534 1326 3588 lacunae
1339 3552 1426 3604 agno·

289 3614 406 3668 scendue
425 3614 536 3668 subesse
555 3614 764 3678 necessitatem,
788 3616 927 3684 siquidem
945 3617 1096 3672 scholiasta
1113 3618 1143 3672 in
1161 3620 1214 3674 hoc
1232 3621 1337 3676 scholio
1357 3624 1426 3678 dues

288 3703 353 3756 illus
371 3701 506 3756 lectiones
524 3699 616 3755 varies
635 3703 741 3772 (σχῆμα
761 3705 789 3756 et
807 3703 914 3773 σχοῐμι)
932 3722 989 3757 una
1007 3705 1171 3789 perephrusi
1184 3709 1426 3778 comprehendisse

287 3788 358 3842 mihi
375 3787 488 3842 videtur
505 3787 555 3852 ite,
573 3789 606 3840 ut
624 3787 679 3856 ἐγώ
697 3787 727 3840 δὲ
743 3788 826 3840 καλόν
839 3786 923 3848 ἄνθος
935 3790 1004 3858 (scil.
1019 3789 1095 3860 εἰχον
1108 3789 1153 3861 ἀν)
1165 3794 1251 3847 verbe
1264 3795 1426 3865 pertineant
1517 3789 1518 3792 ¹

289 3876 325 3929 ad
346 3877 493 3932 lectionem
514 3879 609 3948 σχοῖμι
631 3879 687 3946 (cfr.
707 3878 797 3933 Schol.
816 3881 879 3934 Rec.
899 3881 1177 3951 Ahr.11p.324‚2:
1206 3887 1232 3937 εἰ
1249 3885 1279 3936 di
1301 3887 1426 3957 σχοῖμι

289 3961 413 4031 γράψεις,
432 3960 516 4023 οὕτως
534 3964 599 4036 ἐρεῖ·
620 3964 674 4033 ἐγώ
692 3965 722 4017 δὲ
741 3965 836 4035 σχοῖμι
848 3964 894 4018 καί
907 3967 956 4025 ἔξω
969 3965 1112 4020 καὶταῦτα
1129 3966 1197 4041 ἅπερ
1210 3969 1252 4023 σύ.
1270 3971 1289 4024 i.
1300 3989 1332 4035 e,
1350 3975 1425 4040 quod

290 4048 376 4102 habet
395 4053 474 4104 vetus
492 4051 641 4114 scholium,
663 4051 747 4104 καλόν
766 4050 872 4120 ἄνθος),
894 4053 979 4106 verbe
1003 4057 1098 4108 autem
1117 4056 1152 4114 uic
1170 4055 1204 4108 ἀν
1222 4059 1318 4128 σχῆμα
1336 4060 1426 4128 λαβεῖν

289 4132 427 4206 ὀρχηστοῦ
444 4140 572 4206 spectent
589 4139 625 4191 ad
642 4139 790 4193 lectionem
803 4139 907 4209 σχῆμα.
921 4170 953 4179 -
972 4140 1124 4195 Ahrensius
1139 4143 1256 4212 praehet
1271 4144 1425 4215 simplicem

290 4223 326 4276 ud
345 4222 493 4276 lectionem
513 4226 608 4295 σχῆμα
626 4225 825 4296 metaphrasin.
