3070 4910
767 259 979 322 ..32-

307 450 424 513 liorum
449 449 571 536 speciei
593 454 737 514 auctore.
779 447 910 512 Etenim
934 468 1006 512 cum
1029 448 1092 513 hoc
1110 448 1269 512 scholium
1293 445 1346 531 (τὸ
1363 446 1453 539 ἑξῆς·

306 567 358 621 uia
375 567 444 620 κύνα
466 567 558 636 βάλλει
580 570 617 627 εἰς
641 565 692 620 ἅλα
712 568 894 641 [δερκομένα],
924 546 1007 616 ὥστε
1034 545 1076 616 τὰ
1099 546 1204 616 λοιπὰ
1226 547 1284 617 διὰ
1307 552 1415 636 μέσον
1426 557 1452 640 ¹)

307 677 371 720 non
392 656 636 741 paraphrastica
659 656 806 720 oratione
822 661 943 736 utatur,
967 654 1026 718 sed
1042 655 1143 741 ipsius
1161 655 1331 720 Theocriti
1347 659 1453 722 verba
1510 691 1511 698 ν

308 766 425 840 servet,
448 765 640 844 constetque
655 780 720 822 non
743 781 786 824 ex
808 758 950 843 genuina
966 757 1158 845 paraphrasi
1180 758 1263 822 illud
1278 781 1451 826 manasse:

307 885 373 928 non
397 865 467 930 siae
489 865 637 929 veritatis
661 864 771 950 specie
796 885 890 927 omne
913 863 976 927 hoc
993 862 1190 927 scholiorum
1207 884 1313 950 genus
1336 873 1451 951 poste-

307 968 399 1032 rioris
423 968 554 1033 demum
577 968 695 1032 aetatis
719 966 842 1031 homini
867 966 962 1029 docto
985 965 1193 1030 tribuendum
1215 967 1371 1052 arbitror,
1394 972 1451 1055 qui

308 1092 363 1136 eos
390 1074 498 1151 locos,
529 1072 563 1135 in
589 1071 705 1156 quibus
739 1076 872 1156 propter
904 1070 1094 1133 inusitatam
1128 1070 1303 1135 verborum
1334 1093 1451 1140 conse·

307 1177 470 1242 cntionem
482 1169 692 1240 difficultates
706 1176 814 1240 inesse
828 1174 1025 1256 viderentur,
1041 1180 1120 1239 nota
1132 1169 1191 1255 „ad
1202 1173 1269 1259 (vel
1280 1171 1338 1263 τὰ)
1351 1173 1450 1266 ἑξῆς“

307 1280 480 1365 insignitos
509 1281 570 1345 sibi
597 1279 804 1366 proposuerit
831 1278 1030 1343 tractandos.
1081 1278 1151 1343 Nec
1180 1285 1291 1343 tamen
1320 1280 1383 1346 hac
1414 1305 1450 1348 re

260 1440 261 1444 ,
306 1383 489 1472 prohibitus
514 1388 573 1465 est,
597 1383 768 1468 quominus
790 1382 1031 1469 paraphraseos
1052 1384 1168 1462 verba,
1194 1391 1354 1468 quantum
1377 1386 1450 1450 fieri

267 1523 270 1529 ·
307 1492 445 1574 poterat,
468 1487 595 1571 integra
619 1492 775 1551 servaret.
1512 1475 1513 1552 l

788 1661 816 1724 3.
841 1659 858 1723 ὁ
880 1658 963 1736 νοῦς.

395 1779 487 1855 Quae
524 1780 564 1844 de
596 1781 793 1846 scholiorum
827 1803 888 1867 ope
920 1780 1091 1844 locutionis
1126 1773 1186 1860 „ad
1217 1774 1314 1867 stri&
1344 1781 1448 1844 intro·

308 1884 478 1950 ductorum
499 1891 632 1950 auctore
653 1906 767 1970 parum
787 1885 886 1948 firmis
903 1883 1035 1947 innixus
1053 1883 1254 1966 argumentis
1271 1883 1450 1969 disputavi,
1513 1889 1514 1934 l

309 1989 523 2053 confidentius
556 1989 710 2053 contendi
739 1994 876 2074 possunt
899 1987 939 2053 de
972 1989 1034 2067 eis,
1068 2007 1150 2071 quae
1183 1994 1262 2050 nota
1289 1986 1330 2068 „d
1352 1989 1449 2065 νοῦς“

309 2093 470 2157 instructa
493 2098 589 2168 suntr
611 2093 645 2156 in
669 2093 720 2157 his
744 2093 851 2177 agitur
872 2091 914 2157 de
937 2091 1154 2156 difficiliorem
1179 2092 1327 2156 locorum
1351 2114 1450 2157 sensu

309 2195 506 2262 obscuriore.

395 2298 582 2363 Admodum
600 2298 686 2364 enim
703 2303 868 2363 recentem
884 2304 1027 2363 aetatem
1041 2298 1167 2363 redolet
1183 2299 1328 2384 exempli
1342 2301 1451 2385 gratia

311 2404 470 2468 scholium
494 2404 534 2469 ad
562 2404 612 2468 Id.
637 2403 705 2468 XII
731 2407 783 2468 13:
817 2403 835 2468 ὁ
864 2404 953 2482 νοῦς·
981 2397 1039 2467 δύο
1067 2397 1108 2491 δή
1136 2425 1221 2481 τινες
1250 2395 1364 2488 ἄνδρες
1395 2395 1448 2468 ἐντ’

308 2500 383 2592 λ’σης
405 2499 564 2594 ἀλλήλους
586 2502 754 2594 ἐφίλησαν,
781 2505 799 2570 ὁ
819 2504 879 2590 μὲν
901 2500 1085 2592 εἴσπνηλος,
1108 2503 1276 2570 τουτέστιν
1298 2501 1450 2594 ἐραστής,

310 2603 354 2692 ὡς
375 2605 562 2691 λακωνίζων
584 2603 676 2675 εἴποι
700 2604 739 2674 dv
761 2603 851 2699 ἀνήρ,
875 2610 893 2675 ὁ
915 2609 952 2675 δὲ
967 2603 1070 2696 ἆίτης,
1093 2607 1261 2675 τοοτὲστιν
1276 2605 1450 2695 ἐρώμενος,
1515 2641 1516 2644 ’

309 2707 354 2792 ὡς
375 2709 477 2779 πάλιν
503 2709 587 2802 φαίη
617 2708 656 2779 dv
678 2707 759 2802 ἀνὴρ
791 2707 1010 2797 ἇμοκλαΐζωνε
1045 2714 1103 2778 ubi
1125 2713 1176 2777 his
1199 2714 1341 2798 legimus
1366 2713 1450 2778 illud

310 2815 528 2898 ,,τοοτε’στιν“,
559 2818 644 2903 quod
666 2819 863 2904 posteriores
886 2817 1082 2882 scholiastae
1105 2818 1138 2882 in
1162 2817 1289 2882 deliciis
1313 2818 1449 2898 habent,

312 2927 410 3007 atque
444 2921 716 3008 deprehendimus
744 2943 906 3004 errorem,
939 2941 1036 3007 quem
1066 2921 1227 3006 genuinae
1255 2921 1451 3008 paraphrasi

310 3027 455 3091 tribuere
471 3047 534 3089 non
550 3024 673 3109 hecti).
707 3028 847 3112 Insuper
859 3026 1018 3090 habemus
1034 3047 1096 3111 ope
1110 3024 1256 3090 adverbii
1267 3017 1377 3111 Ι’σίλλοις
1390 3026 1450 3091 ad-

399 3233 419 3300 1)
437 3233 497 3286 Ηοο
514 3231 602 3302 igitur
619 3232 701 3286 modo
719 3232 835 3286 minime
847 3215 992 3302 probando
1005 3230 1157 3286 scholiasta
1169 3232 1271 3301 poetae
1283 3235 1449 3288 contextum

310 3319 460 3383 intellexit,
478 3320 512 3373 ut
529 3319 602 3372 v.10
619 3335 669 3387 per
686 3318 868 3388 parenthesin
885 3319 1005 3388 legeret:
1037 3319 1151 3376 Theocr.
1170 3319 1210 3374 Id.
1220 3320 1259 3374 VI
1278 3322 1378 3376 9-11:

809 3404 893 3458 πάλιν
912 3402 958 3457 iid'
975 3405 1020 3458 'r'de
1037 3404 1088 3457 ταν
1105 3405 1175 3458 κύνα
1192 3404 1291 3474 βάλλει,

484 3520 515 3530 -
536 3488 553 3541 ii
569 3509 612 3543 τοι
630 3492 681 3543 τᾶν
699 3487 765 3544 σ’ίων
784 3491 878 3545 ἕπεται
895 3491 1003 3551 σκοπός·
1022 3491 1041 3542 ιλ
1059 3490 1089 3546 δὲ
1106 3489 1218 3560 deiude
1236 3521 1270 3530 -

484 3578 522 3636 εἰς
541 3574 593 3627 ἅλα
611 3576 771 3648 δερκομένα,
790 3597 813 3631 κ.
823 3598 846 3632 τ.
856 3579 879 3631 λ.

399 3681 420 3746 ²)
438 3677 510 3732 Vide
529 3679 646 3733 Theocr.
664 3679 704 3734 Id.
717 3681 771 3734 XII
790 3683 903 3736 12-14:

468 3763 517 3817 δίω
536 3763 572 3833 δή,
588 3783 646 3819 τινε
662 3764 734 3818 vaide
750 3767 822 3837 μετα
839 3768 995 3840 προτέροισι
1011 3768 1149 3836 γενέσθην

468 3847 552 3922 φῶθ’,
572 3851 587 3903 ὅ
603 3852 657 3921 μὲν
675 3853 825 3920 εἲσσνηλος,
845 3853 915 3923 φαίη
933 3849 1194 3923 χ’ωμυκλαϊάσιλων,

466 3936 516 3990 τόν
533 3932 560 3989 δ’
570 3937 665 4010 ἕτερον
681 3937 764 3992 πάλιν
783 3935 818 3998 ὥς
835 3959 882 3993 κεν
899 3940 917 3992 o‘
935 3939 1070 4000 Θεσσαλός
1087 3944 1160 3994 ελποι
1178 3935 1266 3994 ditur.

398 4022 480 4078 llalso
498 4023 587 4094 igitur
605 4025 691 4078 verba
709 4022 744 4085 ὥς
761 4045 809 4079 κεν
823 4026 838 4078 ό
852 4026 986 4086 Θεσσαλός
1004 4029 1077 4081 εἴποι
1093 4027 1124 4080 in
1141 4026 1246 4082 scholio
1259 4027 1449 4085 circumscribi

312 4109 444 4164 videntur
460 4111 552 4164 verbis
571 4111 607 4170 οἷς
624 4110 695 4181 φαίη
713 4110 748 4164 ἄν
760 4109 829 4185 α’νηρ
846 4107 1028 4183 ιῖμοκλαΐζων.
1058 4112 1255 4184 (Participium
1274 4110 1449 4185 εἷμακλαῖζων

312 4212 368 4250 non
386 4196 560 4251 referendum
580 4200 623 4252 est
640 4198 676 4262 ad
693 4199 834 4265 Θεσσαλός,
853 4200 901 4254 sed
919 4199 992 4255 idem
1012 4201 1203 4271 significatae
1220 4201 1397 4273 λακωνίζων.)
