3070 4910
759 303 973 365 ..55-

385 493 438 556 Et.
450 492 494 554 M.
507 493 686 576 p.818‚53:
711 505 800 573 ψίοκρ
822 485 978 575 ψίθυρος,
998 485 1091 575 παρδ
1107 485 1145 555 τὸ
1163 484 1286 576 ψύθος.
1312 488 1456 575 λέγεται
1507 479 1508 516 ³

299 589 357 657 καί
381 589 527 678 ψίθυρος
549 585 708 676 ψιθύρου.
743 587 801 654 καί
830 607 966 678 ψιυυρίζω
990 585 1029 656 τὸ
1051 592 1091 678 τῇ
1114 593 1206 680 φωνῇ
1231 592 1454 678 λεπτολογεῖν·

299 692 392 781 παρὰ
406 691 444 762 τὸ
462 692 531 780 ψίω
546 692 603 759 καὶ
618 690 656 760 τὸ
671 689 769 779 θύρα,
794 684 814 759 ii
829 691 979 780 σημαίνει
997 697 1266 782 περιφραστικῶς
1280 697 1324 761 τὰ
1338 693 1449 783 χείλη.

298 798 335 864 ἐκ
350 794 467 866 τούτου,
484 795 541 862 καὶ
561 814 729 885 ψιοκρισμός
746 800 765 884 ἡ
783 794 887 888 λεπτὴ
908 794 1009 886 φωνή.
1043 797 1135 878 Τινὲς
1147 794 1231 864 δὲτὸ
1245 797 1450 886 ψιθυρίζειν

299 897 667 989 ὠνοματοπεποιῇσθαι
698 898 814 989 φασίν,
850 895 894 980 ὡς
922 897 960 967 τὸ
985 917 1060 989 κρίκε
1088 885 1198 986 (Hom.
1221 907 1262 966 Π
1277 903 1353 988 470)
1384 903 1449 969 καὶ

299 1021 374 1084 σι’ζεκ
394 1004 505 1089 (Hom.
519 1031 532 1070 ι
548 1004 634 1087 394),
659 997 728 1070 ἀπὸ
745 1005 805 1068 τοῦ
824 1001 1016 1087 τελουμένου
1031 995 1111 1091 ἤχου
1127 996 1370 1090 ῦποφυσιῦντος
1382 1008 1448 1070 τοῦ
1508 1035 1509 1040 ’

298 1102 432 1191 ἀνέμου·
455 1097 525 1173 οἷον
541 1122 603 1176 Ἡδύ
615 1142 642 1176 τι
653 1124 684 1176 ιδ
698 1122 856 1194 ψιθύρισμα
868 1123 923 1175 τῶν
941 1121 1063 1194 δένδρων
1080 1119 1201 1192 η’κούετο.
1223 1100 1304 1172 ὅθεν
1319 1106 1447 1194 κυρίως
1508 1105 1509 1108 ¹

300 1209 446 1277 ἐπὶτῶν
470 1208 678 1296 ψευδομένων
705 1205 743 1274 τὸ
773 1206 964 1294 ψιθυρίζειν
992 1205 1224 1294 λαμβάνουσιν,
1252 1205 1443 1295 ἐγκειμένου

301 1317 360 1381 τοῦ
383 1310 526 1401 ψύθους.
572 1309 785 1395 Καλλίμαχος
810 1312 882 1397 (frg.
910 1313 999 1396 184>·

455 1433 559 1486 Σκύλλα
577 1433 648 1502 γυνή
666 1431 826 1485 κατάκουσιν
845 1431 891 1484 καί
909 1428 942 1484 ού
960 1432 1051 1499 ψύθος
1068 1428 1163 1502 οὔνομ’
1181 1430 1292 1502 ἔχουσα.

386 1538 438 1602 Et.
451 1538 497 1601 M.
518 1559 550 1622 p.
571 1541 644 1617 819,
661 1540 698 1601 13
724 1552 816 1612 νόθος
840 1532 879 1601 τὸ
902 1536 1035 1622 ψεῦδος,
1059 1535 1177 1624 ἐκβολῇ
1198 1538 1257 1602 τοῦ
1278 1561 1294 1602 ε
1322 1538 1440 1625 ψῦδος,

300 1639 357 1706 καί
381 1642 489 1728 τροπῇ
509 1641 569 1705 τοῦ
591 1640 611 1705 δ
633 1637 680 1716 εἰς
701 1646 729 1705 θ
752 1635 875 1725 ψύθος.

387 1744 539 1809 Citantur
572 1746 672 1830 igitur
705 1747 737 1808 in
776 1744 851 1808 sch.
886 1743 1025 1808 Theocr.
1058 1748 1125 1807 ires
1163 1743 1226 1806 loci
1260 1744 1441 1820 Homerici,

302 1870 436 1933 quorum
452 1850 575 1934 priores
599 1850 633 1912 in
655 1848 706 1911 Et.
724 1847 767 1912 M.
786 1848 891 1910 minus
913 1848 1012 1932 ampli
1027 1847 1148 1928 insunt,
1173 1848 1290 1911 tertius
1307 1849 1440 1912 omnino
1510 1932 1511 1954 η

303 1952 407 2017 deest.

387 2142 482 2207 *Sei
504 2140 641 2205 Theoor.
665 2140 713 2203 Id.
734 2140 751 2203 I
773 2143 828 2203 26:
853 2156 969 2214 nemag:
993 2133 1105 2218 ξύλινα
1136 2132 1250 2225 ἀγγεῖα
1282 2133 1353 2205 ἀπὸ
1381 2142 1442 2205 τοῦ

302 2245 555 2333 πεπελεκῇσθαι
575 2294 583 2307 .
600 2295 629 2308 ..
651 2239 805 2326 πελίωμα
829 2237 924 2308 δὲτὸ
947 2241 1062 2326 μέλαν·
1086 2241 1219 2328 λέγομεν
1235 2237 1297 2328 γὰρ
1320 2241 1441 2329 πέλλην

301 2349 380 2433 βοῦν
392 2344 449 2414 τὸν
461 2349 611 2413 τοιοῦτον
625 2349 738 2433 χρῶμα
755 2343 883 2428 έχοντα·
907 2346 963 2411 καί
980 2346 1088 2434 Πέλλη
1104 2343 1203 2425 πόλις
1215 2344 1438 2428 Μακεδονίας,

302 2448 353 2518 ὅτι
376 2452 455 2536 βοῦς
477 2445 578 2537 αῦτην
601 2439 679 2536 εῦρε,
704 2450 806 2539 πέλλη
829 2446 866 2516 τὸ
888 2451 1018 2536 χρῶμα·
1042 2448 1099 2514 καί
1122 2445 1247 2528 Πελίας
1269 2443 1383 2533 ῦνομα.

388 2557 440 2620 Et.
457 2557 500 2620 M.
518 2579 549 2642 p.
564 2560 637 2638 659,
651 2559 704 2620 36:
729 2554 786 2620 καί
808 2571 935 2640 Πεκίωμα
959 2550 996 2620 τὸ
1018 2553 1132 2638 μέλαν·
1158 2551 1298 2640 καὶγὰρ
1320 2554 1440 2642 πέλλην

301 2659 430 2746 λέγουσι
459 2661 538 2743 βοῦν
569 2653 626 2723 τὸν
651 2660 783 2724 τοιοῦτο
812 2660 925 2741 χριῦμα
954 2655 1084 2739 έχοντα·
1119 2656 1176 2722 καί
1200 2656 1309 2743 Πέλλη
1341 2655 1440 2737 πόλις

302 2760 530 2842 Μακεδονίας,
562 2757 614 2828 ὅτι
636 2764 715 2847 βοῦς
742 2755 843 2850 αῦτῇν
872 2749 959 2846 εῦρε,
988 2759 1090 2848 πέλλη
1117 2757 1155 2827 τὸ
1177 2763 1307 2846 χρῶμα·
1338 2761 1394 2826 καί
1421 2764 1439 2828 δ

301 2863 427 2945 Πελίας
450 2859 562 2948 ῦνομα.
602 2889 633 2952 p.
650 2871 722 2945 659,
737 2871 793 2930 41;
901 2858 971 2931 ύιπό
994 2867 1053 2931 τοῦ
1076 2864 1338 2952 πεπελεκῇσθαι.
1374 2862 1439 2931 εἰσί

303 2970 339 3036 δὲ
362 2967 473 3051 ξύλινα
496 2967 620 3056 οίγγεῖα.

390 3178 465 3242 Seh.
481 3177 618 3241 Theoor.
634 3176 682 3240 Id.
696 3176 713 3238 I
728 3179 782 3238 27:
806 3191 857 3244 καὶ
880 3192 953 3260 pasis
971 3192 1128 3260 mmmmm
1151 3169 1311 3265 ποτήριον
1327 3168 1437 3261 ἄγροι-

302 3275 402 3347 κικόν·
424 3275 506 3359 ’ίσως
522 3273 592 3346 ἀπὸ
607 3281 667 3345 τοῦ
681 3280 807 3359 κισσοῦ,
832 3278 868 3360 ἒξ
883 3268 923 3345 οῦ
937 3276 1209 3360 κατεσκευάζοντο
1224 3274 1266 3343 τδι
1283 3275 1437 3367 ποτήρια·

304 3382 496 3468 κοινοτέρως
518 3382 554 3448 δὲ
576 3381 633 3448 καὶ
649 3381 708 3448 ἐπὶ
731 3377 865 3447 πάντων
886 3385 951 3448 τῶν
966 3379 1101 3462 ξυλίνων
1116 3377 1283 3468 ποτηρίων
1305 3383 1323 3446 ὁ
1344 3379 1439 3469 λόγος

302 3486 450 3555 τίθεται·
485 3482 579 3572 παρὰ
610 3483 648 3553 τὸ
676 3483 837 3570 κεχύσθαι
864 3484 911 3566 εἰς
941 3481 1021 3553 αὐτὸ
1052 3481 1110 3552 τὸν
1143 3478 1243 3566 οἶνον,
1274 3476 1345 3552 οἷον
1371 3483 1437 3568 χύω

302 3587 391 3675 χύσω
424 3587 595 3676 χυσσίβιον
628 3589 685 3655 καὶ
719 3587 898 3675 κισσύβιον.
947 3583 1121 3668 Ἡσίοδος·
1159 3602 1254 3674 ὀλίγον
1281 3606 1309 3657 δ’
1337 3609 1438 3660 εἴσεται

303 3694 439 3765 κισσυβίῳ.

388 3798 441 3863 Et.
462 3799 507 3862 M.
536 3821 568 3884 p.
595 3802 672 3876 515,
696 3800 752 3861 33:
791 3813 936 3882 Κισσύβιοκ
970 3792 1009 3862 τὸ
1044 3789 1230 3883 ἆγροικικδν
1263 3791 1437 3884 ποτήριον·

303 3897 385 3981 ’ίσως
407 3895 477 3968 ἀπὸ
499 3904 558 3968 τοῦ
573 3902 698 3983 κισσοῦ,
722 3899 758 3981 ἐξ
773 3889 812 3966 οὗ
825 3897 1060 3981 κατεσκεύαζον
1082 3897 1124 3965 τὰ
1146 3895 1307 3988 ποτήρια·
1330 3924 1437 3967 κοινο-

303 4003 403 4089 τέρως
432 4004 469 4070 δὲ
500 4004 558 4071 καί
591 4004 650 4072 ἐπὶ
684 4001 816 4070 πάντων
844 4005 909 4070 τῶν
937 4000 1072 4086 ξυλίνων
1105 4001 1272 4093 ποτηρίων
1302 4006 1321 4091 ἡ
1353 4003 1437 4085 λέξις

303 4105 452 4174 τίθεται·
486 4104 579 4196 παρὰ
605 4105 644 4176 τῦ
673 4104 834 4191 κεχύσθαι
861 4106 910 4188 είς
941 4102 1021 4175 αῦτὸ
1055 4104 1112 4175 τὸν
1138 4101 1239 4189 οἶνον,
1275 4099 1346 4174 οἷον
1372 4105 1435 4191 χύω

303 4208 391 4293 χύσω
413 4209 562 4298 χυσίβιον
583 4211 641 4280 καὶ
663 4208 842 4299 κισσύβιον.
