3070 4910
763 337 973 397 „54-

298 523 499 588 intellexerit
524 525 578 587 vel
600 523 659 586 nbi
681 523 900 609 Etymologici
925 529 1041 586 auctor
1066 523 1261 608 profiteatur
1287 545 1325 588 sc
1349 545 1448 589 com-

298 629 476 692 mentarios
499 629 532 691 in
556 628 769 692 Theocritum
790 648 979 712 usurpasse.
1001 627 1128 689 nullum
1150 648 1347 691 consensum
1371 629 1449 692 ficri

298 734 385 796 inter
407 753 482 796 eum
506 741 540 796 et
569 732 782 796 scholiastam
803 731 1052 810 Theocriteum,
1074 735 1125 810 nt,
1149 732 1300 816 exceptis
1323 734 1447 816 paucis

298 835 365 897 illis
387 835 482 912 locis,
510 834 684 918 inquibus
706 833 896 897 nominatim
922 833 955 895 hi
985 841 1260 898 commentatores
1287 836 1445 918 citantur,

299 938 417 1000 horum
439 937 622 1000 studiorum
644 937 785 1021 vestigia
811 938 846 1000 in
868 937 1001 1000 scholiis
1023 957 1157 1022 prorsus
1180 938 1354 1003 evanuisse
1378 962 1446 1026 pu-

298 1040 400 1104 tanda
427 1043 506 1104 sint:
537 1041 639 1104 veluti
666 1040 796 1103 omnino
822 1039 892 1103 fere
928 1040 1123 1102 interierunt
1151 1039 1185 1102 in
1221 1041 1356 1105 scholiis
1390 1065 1445 1125 ea,

299 1166 383 1230 quac
398 1143 661 1229 Etymologicnm
678 1143 773 1207 Sorb.
790 1143 935 1206 servavit
949 1142 991 1206 dc
1007 1146 1169 1226 ,,γρῖπος“
1185 1145 1348 1209 vocabulo
1366 1146 1444 1229 (cfr.

299 1246 353 1312 Et.
375 1247 420 1312 M.
443 1269 475 1332 p.
493 1251 552 1310 241
579 1247 654 1312 adn.
671 1249 711 1309 27
735 1254 770 1310 et
792 1245 868 1310 Sch.
886 1245 1025 1309 Theocr.
1047 1245 1130 1311 [(1.1
1146 1247 1201 1330 39)
1225 1269 1269 1311 ex
1291 1248 1444 1314 Theonis

298 1352 331 1414 in
347 1351 557 1415 Theocritum
574 1350 806 1414 commentario
822 1349 1012 1434 desumpta;
1032 1351 1113 1412 item
1128 1348 1182 1413 Et.
1198 1351 1243 1416 M.
1258 1375 1292 1437 p.
1310 1356 1384 1433 156,
1399 1357 1444 1417 30

298 1453 373 1518 adn.
394 1458 435 1518 30
468 1452 542 1538 (cfr.
573 1453 649 1516 Soh.
677 1452 815 1516 Theocr.
842 1452 891 1517 Id.
917 1452 967 1516 IV
988 1453 1046 1535 57)
1074 1459 1108 1515 ct
1137 1475 1170 1537 p.
1191 1456 1268 1534 273,
1289 1457 1331 1518 38
1368 1455 1443 1541 (cfr.

300 1557 376 1621 Sch.
399 1556 537 1620 Theocr.
561 1555 609 1620 Id.
626 1555 694 1619 VH
718 1556 904 1639 152-154)
934 1577 978 1619 ex
1000 1555 1171 1618 Amaranti
1195 1561 1443 1624 commentariis

297 1661 506 1745 transcripta.

385 1789 413 1852 Ι.
424 1789 478 1854 nt.
489 1789 534 1852 M.
551 1811 583 1873 p.
596 1792 655 1851 241
672 1788 746 1852 adn.
760 1791 817 1850 27:
841 1804 938 1872 νρῑπος
958 1782 998 1852 τὸ
1010 1779 1194 1853 ἁλιευτικὸν
1209 1785 1351 1870 δίκτυον,
1370 1783 1443 1858 οἷον

299 1886 459 1979 άγρσπον·
489 1885 599 1977 άγρεῖν
620 1889 657 1956 δὲ
682 1885 721 1956 τὸ
748 1887 936 1974 λαμβάνειν.
980 1886 1094 1968 Θάσιος
1119 1889 1211 1956 Θέων
1233 1890 1267 1956 ἐν
1288 1887 1441 1983 ὑπομνή-

299 2020 380 2079 ματι
406 1995 456 2081 τῷ
484 1990 532 2072 εἰς
566 1989 750 2078 Θεόκριτον.
784 1994 879 2060 Sorb.
918 2034 956 2040 -
989 1994 1065 2059 Sch.
1097 1995 1235 2061 Theocr.
1269 1997 1440 2063 Id.139:

300 2115 429 2188 νριαεύςι
451 2091 605 2177 ὁάἉιεάς,
629 2096 686 2162 καὶ
710 2102 829 2184 γρῖπος
849 2094 890 2164 τὸ
906 2095 1037 2164 δίκτυον
1051 2094 1145 2182 παρὰ
1166 2094 1206 2165 τὸ
1224 2101 1302 2179 τούς
1317 2097 1442 2184 ἰχθύας

300 2194 454 2288 ἀγρεύειν.

384 2331 429 2394 Π.
452 2330 505 2394 Et.
517 2329 562 2393 M.
577 2353 609 2416 p.
625 2333 696 2411 156,
707 2332 747 2393 30
763 2329 837 2394 adn.
852 2332 909 2393 30:
925 2341 1094 2404 Ἀσπάλαοος
1108 2321 1196 2409 εἶδος
1210 2324 1370 2422 ἀκάνθης.
1388 2383 1396 2400 .
1411 2386 1441 2401 ..

299 2429 394 2520 παρὰ
416 2429 456 2498 τὸ
480 2434 557 2498 onai
579 2425 760 2512 σπάλαθος
781 2431 838 2498 καὶ
862 2425 1074 2510 άσπάλαθος.
1107 2429 1219 2513 Οὕτως
1232 2429 1443 2522 Ἀμάραντος

300 2533 348 2615 εἰς
368 2530 426 2602 τὸν
451 2531 635 2621 Θεόκριτον.
663 2573 705 2583 -
738 2536 813 2600 Sch.
838 2536 975 2600 Theocr.
999 2535 1049 2599 IV
1072 2539 1128 2599 57:
1149 2548 1331 2607 ’.ισπάλασοιι
1352 2533 1442 2620 εἶδος

300 2634 457 2727 ἀκάνθης,
484 2628 699 2728 §asportes
726 2635 759 2704 oi
782 2634 902 2725 ἔλαφοι
924 2631 1204 2724 ἀποθνήσκουσιν.
1234 2633 1441 2724 ἆσαάλαθος

301 2743 337 2809 δὲ
359 2739 415 2809 διὰ
436 2739 475 2809 τὸ
497 2739 544 2831 μὴ
567 2740 690 2832 ῥᾳδίως
711 2736 782 2808 άπὸ
803 2743 869 2807 τῶν
889 2740 1075 2828 πληγέντων
1096 2739 1329 2830 ἀφαιρεῖσθαι.

387 2873 451 2948 ΙΠ.
473 2874 527 2937 Et.
540 2874 584 2937 M.
604 2897 635 2959 p.
647 2876 720 2955 273,
734 2875 789 2938 38;
810 2887 1016 2961 recuperatum
1035 2868 1187 2958 σημαίνει
1208 2867 1247 2939 τὸ
1265 2866 1440 2962 άνεῴξατε.

300 2972 393 3064 παρὰ
412 2971 451 3042 τὸ
474 2971 569 3059 κάρα,
593 2972 863 3060 διεκαρανώσατε,
887 2977 1019 3060 καρανῶ
1040 2974 1098 3040 καὶ
1122 2975 1325 3062 διακαρανῶ·
1350 2981 1442 3047 δοκεῖ

300 3079 360 3168 γὰρ
395 3082 460 3146 τῶν
492 3077 608 3145 πίθων
634 3083 654 3165 ἡ
682 3074 805 3168 ἀλοιφὴ
837 3076 922 3164 κάρα
955 3071 1049 3144 εἶναι.
1098 3074 1210 3158 Οὕτως
1233 3073 1442 3170 Ἀμάραντος

238 3210 241 3217 ’
300 3179 577 3271 ὑπομνηματίζων
602 3179 642 3250 τὸ
664 3178 1023 3273 ἡδάλλιονθεοκρίτοο,
1048 3171 1086 3250 οὗ
1108 3181 1311 3274 ἦέπιγραφὴ
1328 3187 1439 3254 Λυκί-

301 3290 361 3367 δας
383 3284 406 3376 ἢ
424 3285 584 3355 Θαλοσία.
600 3327 644 3336 -
667 3288 1122 3355 sch.Theoer.1d.V11154
1145 3288 1240 3373 (Ahr.
1257 3291 1292 3353 II
1314 3313 1347 3376 p.
1367 3297 1440 3374 284,

304 3392 374 3478 15)ἔ
403 3410 608 3480 Διεκρανώσατο
626 3410 758 3482 Nippur:
787 3387 873 3459 κατὰ
901 3390 1102 3480 περίφρασιν
1128 3385 1204 3457 ἀντὶ
1236 3395 1296 3459 τοῦ
1326 3393 1441 3483 ἐκερά-

301 3517 389 3560 σασε.
425 3496 550 3581 μᾶλλον
579 3493 767 3588 &patriacus
798 3493 855 3561 καὶ
887 3489 1163 3583 άνακαλοφθῆναι
1194 3491 1378 3583 ἐποιήσατε
1407 3495 1442 3590 [ἢ

301 3597 501 3700 ςπηγασᾱῑὸ]
534 3682 618 3744 ὤιξαν
636 3684 666 3738 δὲ
683 3685 779 3759 θύρας,
799 3681 854 3738 ἄπο·
873 3684 902 3737 δὲ
921 3684 1076 3754 κρήδεμνον
1093 3683 1193 3737 ἔλυσαν

301 3799 379 3870 καθ’
399 3801 544 3895 Ὅμηρον
569 3808 639 3892 (cfr.
662 3808 760 3872 Hom.
784 3807 905 3895 7392).
929 3843 969 3854 -
1001 3806 1232 3894 (Διενρανάσατεε
1255 3807 1439 3896 διεπληρώ-

302 3930 390 3990 occe,
414 3906 666 3976 διετελειώσατε.
690 3905 713 3999 ἢ
735 3906 909 3998 ἕνεράσασε
933 3908 1039 3980 codex.
1061 3911 1107 3996 p.)

389 4038 485 4102 Adde
510 4038 595 4124 quod
617 4043 772 4126 persequi
794 4042 882 4119 licet,
906 4039 1068 4124 quomodo
1087 4043 1261 4106 scholiasta
1276 4062 1438 4106 nonnum-

303 4162 399 4225 quam
423 4142 651 4208 adnotationes
679 4165 755 4208 snas
785 4167 829 4210 ex
861 4143 1091 4210 diversissimis
1115 4144 1335 4232 Etymologici
1358 4146 1437 4212 locis
1502 4175 1503 4207 1

303 4246 540 4331 conscripserit.
