3070 4910
738 272 949 332 ,χο-

356 454 449 522 Idem
471 455 616 542 pertinet
638 458 680 522 ad
704 458 806 525 schol.
829 458 878 524 Id.
901 458 919 520 I
945 463 1003 523 ¹17
1030 458 1079 544 (Z.
1104 482 1136 546 p.
1155 462 1221 542 16);

357 561 384 624 Ι.
415 572 571 646 Ἀρέθοισιπ
604 557 723 649 κρήνη
757 557 962 650 Σικελική.
998 562 1110 626 δοκεῖ
1143 562 1179 627 δὲ
1211 559 1293 649 αῦτη
1331 558 1413 629 ῦπὸ

268 657 458 750 Ἀλφειοῦ
474 666 628 747 ποταμοῦ
647 664 915 752 πληροῦσθαι.
938 662 1025 729 ἔστι
1048 663 1089 728 δὲ
1110 664 1179 730 καὶ
1203 665 1243 730 ἐν
1258 659 1412 754 Εὐβοίᾳ

271 765 339 831 καί
362 759 458 853 άλλη
481 765 521 831 ἐν
544 762 673 854 Σάμῳ.

360 871 404 937 Π.
426 862 563 948 ’Ἀλλως
595 883 755 958 Ἆρέοοωω
787 867 905 959 κρήνη
938 869 976 934 ἐν
1005 869 1296 954 Συρακούσαις.
1325 873 1413 962 φασὶ

272 969 328 1038 διὰ
356 968 518 1059 πελάγους
536 967 718 1061 Ἀλφειὸν
740 970 830 1062 ἥκειν
852 1025 886 1039 ..
910 969 955 1051 ὥς
976 997 1076 1061 φησιν
1090 968 1221 1059 Ἴβυκος
1245 1001 1412 1062 παριστα-

272 1078 336 1163 ρῶν
358 1075 436 1163 περὶ
459 1079 519 1165 τῆς
536 1071 725 1162 Ὀλυμπίας
747 1074 876 1164 φιάλης.

359 1181 421 1246 ΠΙ.
436 1173 574 1260 ’Ἄλλως
597 1192 759 1268 Ἀρέθουσικ
782 1177 833 1246 ὅτι
857 1177 1048 1268 Σικελικὴ
1071 1175 1210 1269 κρήνη,
1233 1178 1412 1269 πρόδηλον.

273 1284 381 1348 δοκεῖ
412 1281 448 1347 δὲ
480 1276 541 1347 ὑπ’
574 1276 763 1369 Ἀλφειοῦ
792 1283 1059 1370 πληροῦσθαι.
1090 1280 1174 1349 ἔστι
1202 1283 1243 1350 δὲ
1274 1285 1341 1350 καὶ
1373 1286 1415 1352 ἐν

273 1380 432 1473 Εὐβοίᾳ
454 1384 521 1450 καὶ
545 1379 643 1471 άλλη
665 1384 703 1450 ἐν
726 1381 859 1471 Σάμῳ·

379 1515 435 1567 παρ
454 1495 569 1566 κόρακος
586 1497 670 1566 πέιρχ
689 1494 735 1548 καὶ
753 1495 798 1548 ἐπὶ
815 1495 900 1566 κρήνῃ
918 1493 1063 1568 Ἀρεθούσῃ
1082 1497 1174 1564 (Hom.
1193 1518 1210 1549 ν
1221 1500 1292 1562 408).

274 1590 462 1677 Χαριέντως
484 1590 520 1656 δὲ
539 1590 595 1656 καὶ
609 1585 853 1678 Ἐπαφρόδιτός
868 1614 977 1678 φησιν,
1001 1586 1052 1656 ὅτι
1068 1585 1256 1678 άρεθοόσας
1271 1595 1413 1660 καλοῦσι

272 1718 332 1772 τας
354 1717 483 1781 κρηνας.

360 1917 487 1982 Eadem
497 1918 522 2002 ¹)
536 1917 617 1980 ratio
630 1916 718 1981 valet
731 1917 763 1979 in
776 1917 907 1981 scholiis
920 1918 962 1981 ad
974 1917 1093 1983 Id.VII
1104 1921 1145 1980 52
1158 1919 1208 2000 (Z.
1219 1921 1416 2004 pet-55),

274 2023 330 2088 ubi
353 2025 435 2088 haee
456 2024 612 2108 legimus:

360 2128 387 2192 I.
406 2139 532 2194 Ἒσσετω
547 2138 719 2209 Ἀγιάνωιιιι
739 2120 855 2190 ἑαυτὸν
876 2122 1070 2213 παρεισάγει
1086 2124 1239 2206 Λυκίδας
1264 2128 1418 2215 Μιτυλη-

274 2227 368 2295 ναίου
390 2225 478 2307 τινὸς
506 2227 627 2313 ἐρῶντα
649 2227 706 2294 καί
729 2231 826 2294 τοῦτο
849 2223 1030 2314 εῦχόμενον.
1060 2225 1132 2318 ᾄδει
1161 2222 1217 2296 οῦν
1238 2234 1344 2298 ταῦτα
1367 2231 1418 2312 εἰς

274 2329 330 2398 τὸν
355 2326 555 2417 ’Λγεάνακτα
589 2324 759 2415 εὐχόμενος
794 2324 892 2396 αῦτὸν
918 2325 995 2417 ῦγιᾶ
1030 2326 1192 2398 ἀπελθεῖν
1223 2330 1271 2412 εἰς
1301 2340 1418 2399 Μιτυ-

274 2434 383 2526 λήνην,
416 2436 473 2503 καὶ
503 2433 582 2502 ὅταν
610 2433 778 2503 δύνωσιν
810 2434 843 2503 ot
870 2433 979 2525 ἔριφοι
1005 2437 1063 2503 καὶ
1091 2441 1363 2528 παραφέρηται
1397 2435 1415 2506 ὃ

271 2534 390 2627 Ὠρίων
411 2537 459 2618 εἷς
480 2535 536 2606 τὸν
558 2534 700 2606 ὠκεανὸν
714 2539 771 2605 καί
794 2534 812 2606 ὃ
835 2535 928 2619 νότος
947 2540 1054 2606 πνέων
1076 2537 1190 2629 ἐλαύνῃ
1213 2537 1255 2606 τὰ
1270 2537 1414 2626 κύματα,

276 2640 332 2709 ε’ὰν
354 2642 412 2727 ἐμὲ
433 2639 490 2710 τὸν
511 2641 664 2709 Λυκίδαν
686 2645 745 2709 τοῦ
767 2641 842 2729 ἐρᾶν
864 2640 1006 2732 παῦσῃ.

361 2751 405 2815 ΙΙ.
426 2763 550 2820 x'tt'wv:
569 2745 762 2814 δυνόντων
784 2744 844 2834 γὰρ
858 2751 923 2813 τιῦν
945 2745 1004 2813 δύο
1027 2745 1149 2836 ἐρίφων
1164 2749 1305 2837 σφοδροὶ
1328 2749 1418 2816 κατὰ

276 2849 453 2919 θάλασσαν
468 2850 611 2939 γίνονται
634 2853 796 2936 χειμιῦνες.
813 2848 967 2918 -Ὅταν
982 2855 1066 2937 γοῦν,
1091 2850 1182 2940 φησί,
1206 2855 1270 2918 τῶν
1293 2851 1418 2941 ἐρίφων

277 2953 434 3043 ἓσπερίας
468 2952 661 3022 δυνόντων
697 2951 735 3021 τὸ
768 2954 911 3041 πέλαγος
947 2956 965 3020 δ
998 2953 1092 3034 νότος
1124 2952 1297 3044 ταράοσῃ
1333 2955 1417 3045 [καὶ]

277 3056 355 3126 ὅταν
381 3060 399 3124 ὁ
422 3053 540 3144 Ὠρίων
577 3055 624 3136 εἰς
661 3054 718 3124 τὸν
756 3053 897 3125 ὠκεανὸν
934 3058 1225 3146 καταφέρηται,
1261 3062 1419 3144 χειμῶνες

277 3162 450 3251 γίγνονται.

364 3269 427 3335 ΙΙΙ.
456 3287 500 3343 τις
522 3279 694 3353 ιἰπολήνην,Ι
718 3262 834 3355 ἐπειδὴ
862 3268 1087 3354 Μιτυληναῖος
1116 3263 1161 3332 ι’δν
1190 3267 1219 3355 [ὁ
1241 3261 1415 3356 Ἀγεόναξ]

277 3372 385 3459 μέλλει
408 3369 610 3458 χωρίζεσθαι
633 3368 680 3450 είς
701 3366 761 3460 τὴν
787 3368 950 3457 πατρίδα,
979 3369 1094 3458 φησίν,
1124 3367 1175 3438 δτι
1204 3365 1294 3459 αίτςῦ
1316 3368 1418 3451 καλὸς

278 3479 383 3556 πλοῦς
415 3474 521 3556 ἔσται,
555 3471 616 3540 κάν
644 3479 802 3560 χειμῶνος
829 3473 928 3563 πλέῃ,
961 3471 1045 3541 ὥστε
1080 3471 1156 3554 τοὺς
1187 3475 1247 3559 μὲν
1282 3473 1419 3563 ἐρίφους

278 3580 421 3668 ἑσπέρας
450 3576 577 3644 δύνειν
607 3579 664 3644 καὶ
692 3575 749 3645 τὸν
768 3572 909 3662 Ὠρίωνα
937 3576 1269 3666 καταφέρεσθαι,
1299 3575 1357 3645 τὸν
1379 3580 1419 3644 δὲ

278 3681 372 3750 νότον
393 3678 616 3769 ταράσσειν
637 3678 675 3747 τὸ
698 3681 851 3767 πέλαγος.
874 3680 1167 3771 κατασταθήσεται
1191 3682 1240 3762 δέ,
1265 3680 1374 3771 φησίν,
1399 3684 1419 3748 ὁ

277 3783 407 3872 χειμών,
430 3785 487 3852 καί
511 3779 688 3874 εῦπλοήσει
711 3779 916 3870 δἈγεάναξ,
941 3780 980 3849 δν
1003 3779 1102 3851 αῦτόν
1123 3787 1182 3851 τοῦ
1204 3785 1279 3872 ε’ρᾶν
1301 3782 1416 3873 παύσῃ

278 3887 495 3978 χαρισάμενος
516 3891 575 3979 τῆς
596 3886 692 3976 ὥρας.
1308 3901 1313 3910 ”

282 4037 326 4041 —.
361 4037 423 4041 ..-
433 4037 484 4044 -.-,

370 4117 390 4184 ¹)
415 4116 469 4170 Csr.
496 4116 580 4170 etiam
609 4117 636 4171 Z.
660 4135 686 4184 p.
705 4117 739 4169 29
767 4114 818 4183 (Id.
841 4114 882 4168 ΠΙ
905 4115 950 4178 29)
977 4113 1033 4167 tria
1062 4114 1168 4168 scholia
1199 4111 1236 4166 ad
1265 4113 1419 4183 Τηλέφιλον

280 4202 447 4274 spectantia.
