3070 4910
550 221 762 305 ⁷47-

62 404 155 471 haec
186 410 318 470 tantum
347 402 529 469 adnotavit:
561 403 694 482 „nescio
726 424 767 468 an
798 403 879 468 haec
908 403 1016 487 potius
1046 403 1219 471 referenda

69 511 141 574 sint
157 509 201 574 ad
214 507 481 572 Commentarios
498 505 559 590 (se.
570 505 732 570 Demetrii
746 505 935 590 Callatiani)
951 507 984 569 in
996 505 1218 588 Theocritum,

72 615 176 677 sicuti
200 632 251 689 ea,
277 631 362 696 quae
387 611 542 693 leguntur
565 610 597 673 in
621 610 721 675 schol.
746 609 797 674 ad.
814 609 862 674 Id.
879 609 947 673 VII
967 614 1020 674 151
1050 659 1109 674 ...
1132 611 1219 675 idam

72 718 120 780 ad
142 716 192 780 Id.
216 715 248 778 V
273 716 350 778 83.“
388 713 471 776 Item
497 712 620 776 conicio
644 733 686 776 ex
708 713 842 796 reliquis
866 713 929 776 illis
953 713 1087 778 scholiis
1110 713 1218 778 Theo-

71 821 187 884 criteia
203 818 344 898 duobus,
359 836 443 902 quae
461 813 501 878 ad
518 813 670 878 historias
686 816 862 900 pertinent,
878 815 910 878 in
928 816 1045 900 quibus
1058 815 1219 882 Demetrii

73 944 196 988 nomen
211 927 400 1006 usurpatur,
424 918 563 982 alterum
581 918 695 982 saltem
712 916 926 1002 repetendum
951 940 1024 982 esse
1042 940 1084 982 ex
1101 919 1217 984 eodem

76 1026 252 1091 Demetrio
278 1023 435 1108 Scepsio:
461 1020 536 1085 Βοὴ.
558 1020 697 1086 Theocr.
719 1020 767 1083 Id.
789 1021 820 1085 V
836 1024 892 1086 83:
917 1059 959 1069 -
981 1016 1168 1109 Δημήτριος
1183 1022 1219 1088 δὲ

79 1130 164 1212 (scil.
185 1121 334 1213 deverol
367 1146 466 1212 φησιν
493 1115 706 1208 ὠνομάσθαι)
734 1116 804 1189 ἀπὸ
836 1125 895 1188 τοῦ
922 1126 1053 1210 κρᾶναι,
1083 1121 1102 1191 ὅ
1129 1123 1218 1192 ἐστιν

78 1228 277 1296 ἐπιτελέσαι.
312 1225 394 1316 φησὶ
429 1221 504 1313 γάρ,
542 1219 587 1304 ὡς
616 1224 786 1304 Μενέλαος
816 1226 1016 1310 στρατεύσας
1050 1223 1097 1306 εἰς
1119 1222 1219 1294 Ἴλιον

80 1328 198 1418 pltare
221 1333 364 1418 τιμῆσαι
386 1322 500 1409 αὐτόν,
532 1324 588 1394 ἐὰν
610 1323 738 1417 κρηήνῃ.
784 1329 895 1395 Dubia
921 1353 974 1396 res
1003 1339 1055 1396 est
1077 1332 1117 1396 de
1142 1333 1217 1398 Sch.

82 1436 429 1505 Thanaramusa
443 1434 510 1520 (ed.
523 1433 683 1518 Ahrensl:
698 1427 755 1498 τὸν
767 1429 968 1521 Πολύφημον
978 1430 1035 1500 τὸν
1046 1430 1218 1500 Κύκλωπα

80 1541 177 1628 λέγει,
210 1531 247 1622 ὃς
276 1534 350 1606 ἀντὶ
377 1535 484 1604 λίθων
511 1536 569 1626 ὄρη
592 1533 735 1622 ἔβαλλεν.
758 1576 800 1584 -
822 1532 844 1625 ἢ
870 1534 948 1616 τοὺς
975 1535 1008 1604 ἐν
1035 1543 1107 1618 τοῖς
1129 1533 1218 1626 ὄρεσι

83 1645 210 1727 λίθους,
244 1638 290 1722 ὡς
312 1637 501 1732 Δημήτριός
530 1662 609 1729 φησι
640 1635 718 1720 τοὺς
739 1637 959 1720 πεπτωκότας
982 1638 1040 1708 οὐκ
1063 1635 1124 1708 old
1151 1639 1218 1731 ὅπη

85 1746 263 1836 atthrah-

163 1857 224 1921 Vir
248 1855 303 1917 ille
321 1853 446 1932 doctus,
471 1851 526 1936 qui
549 1851 629 1914 duos
652 1851 724 1913 illos
750 1849 958 1913 historiarum
974 1852 1104 1916 libellos
1129 1873 1217 1915 corn-¹

88 1962 198 2044 posuit,
222 1958 348 2022 nullum
362 1962 493 2042 poetam
511 1955 694 2018 accuratius
710 1954 840 2018 videtur
855 1956 985 2019 novisse
1002 1976 1099 2039 quam
1116 1954 1217 2019 Calli-

89 2065 239 2127 machum.
279 2060 380 2124 Cuius
404 2064 523 2144 poetae
542 2078 661 2121 nomen
678 2078 742 2120 non
765 2059 872 2122 minus
889 2058 1085 2143 quadragies
1110 2060 1218 2122 sexies

89 2168 200 2255 iegitur
223 2167 257 2228 in
281 2165 356 2228 Βοὴ.
380 2161 490 2248 Apoll.
515 2161 626 2245 eisque
650 2163 825 2225 maximam
849 2169 976 2246 partem
1000 2163 1041 2226 ad
1064 2163 1218 2226 historias

90 2267 318 2353 spectantibus.
364 2264 449 2327 Item
479 2264 511 2325 in
542 2263 616 2327 Βοὴ.
644 2262 782 2329 Theocr.
816 2265 1045 2349 mythologicis
1076 2268 1219 2330 omnium

89 2379 260 2451 auctorum,
285 2369 312 2432 si
337 2368 377 2432 ab
401 2387 465 2431 uno
482 2367 628 2430 Homero
652 2369 843 2448 recesseris,
869 2370 1066 2434 creberrime
1091 2371 1219 2450 citatur,

88 2475 176 2560 idque
189 2476 227 2538 fit
237 2473 426 2560 quinquies:
445 2470 519 2533 Βοὴ.
531 2469 667 2533 Theocr.
679 2469 726 2535 Id.
739 2471 774 2533 Il
790 2474 844 2540 12:
862 2471 910 2536 ld.
921 2472 955 2534 ll
967 2476 1021 2546 17;
1039 2473 1218 2550 ld.11120;

88 2579 129 2642 ld.
151 2579 238 2643 XIII
259 2580 319 2650 25;
348 2574 396 2637 Id.
420 2573 575 2637 X11156.
626 2573 719 2647 Quod
751 2581 861 2639 autem
890 2597 1043 2639 numerus
1074 2578 1219 2642 locorum

90 2684 117 2745 in
139 2685 283 2768 utrisque
299 2679 444 2743 historiis
465 2678 635 2742 allatorum
658 2684 725 2740 tam
747 2679 852 2764 impar
875 2686 936 2757 est,
961 2681 1145 2765 explicatur
1169 2705 1218 2756 eo,

90 2786 167 2872 quod
189 2786 321 2850 omnino
346 2782 553 2846 Scholiorum
569 2781 689 2865 Apoll,
714 2802 795 2866 quae
818 2782 948 2845 Keilius
973 2805 1015 2847 ex
1039 2784 1107 2849 cod.
1132 2785 1218 2850 Lau-

90 2893 229 2956 rentiano
255 2911 340 2955 saec.
356 2889 389 2952 X
413 2888 529 2968 edidit,
554 2889 711 2951 memoria
733 2889 835 2951 multo
859 2889 985 2974 plenior
1008 2898 1041 2953 et
1063 2891 1219 2974 integrior

91 2995 127 3058 ad
158 3019 215 3061 nos
252 2994 403 3082 pervenit
439 3014 535 3077 quam
567 2992 641 3056 Βοὴ.
666 2992 820 3068 Theocr,
855 3014 937 3076 quae
973 2994 1085 3058 codice
1114 2994 1218 3064 tribus

93 3101 224 3163 saeculis
254 3097 436 3161 recentiore
467 3097 682 3159 continentur.
736 3093 1001 3160 Consentaneum
1031 3103 1141 3161 autem
1168 3102 1219 3160 est

90 3202 125 3264 ab
148 3224 195 3284 eo,
219 3203 276 3286 qui
301 3200 432 3263 Scholia
455 3198 652 3263 Theocritea
674 3201 707 3263 in
732 3201 905 3284 epitomum
932 3201 1053 3284 coegit,
1077 3202 1218 3264 maxime

91 3307 292 3390 scriptorum,
333 3304 388 3388 qui
427 3304 598 3365 memorati
644 3308 750 3381 erant,
794 3310 827 3365 et
866 3303 998 3366 nomina
1034 3309 1068 3367 et
1103 3326 1218 3367 versus

90 3409 216 3472 omissos
241 3429 324 3471 esse.

166 3513 221 3576 Ad
243 3513 382 3576 alteram
398 3511 625 3596 quaestionem
643 3510 898 3592 incitamurhis,
922 3511 953 3573 in
976 3511 1092 3594 quibus
1117 3509 1217 3574 Calli-

91 3617 185 3679 machi
222 3637 341 3679 nomen
378 3619 569 3700 usurpatur,
610 3613 751 3676 scholiis.
808 3611 939 3677 Etenim
979 3615 1126 3698 exceptis
1154 3615 1218 3678 illis

171 3806 191 3873 ¹)
211 3803 364 3857 Ahrensius
377 3803 414 3867 (II
425 3820 451 3870 p.
462 3801 522 3866 284,
536 3800 629 3868 101q.)
643 3801 728 3854 verba
740 3803 803 3860 τούς
816 3801 990 3859 πεπτωκότας
1005 3803 1009 3867 Ι
1025 3788 1079 3852 οἷδ’
1092 3799 1154 3869 ὅπη,
1169 3821 1218 3872 φι-

90 3887 158 3957 λότης
167 3893 311 3958 tamquam
327 3889 445 3942 duorum
459 3887 648 3964 trimetrorum
664 3886 846 3942 iambicorum
859 3887 1018 3955 fragmenta
1033 3905 1066 3940 ex
1077 3888 1217 3944 Demetrio

91 3977 184 4031 comico
215 3976 383 4045 deprompta
411 3974 561 4043 intellegit.
603 3975 641 4026 At
669 3977 763 4027 tamen
790 3974 859 4026 adeo
888 3973 995 4026 incerta
1025 3978 1066 4027 est
1088 3975 1217 4029 Abrensii

90 4064 251 4129 coniectura,
279 4065 313 4116 ut
340 4081 375 4116 ne
402 4063 486 4117 verbo
515 4061 627 4130 quidem
655 4078 714 4113 eam
746 4060 1058 4129 tetigerit'lheodorns
1081 4061 1159 4113 Koch
1188 4063 1217 4114 in

91 4147 253 4204 Oomicorum
271 4148 429 4203 Atticorum
448 4147 613 4216 fragmentis
632 4146 713 4202 vol.I
730 4165 757 4215 p.
775 4147 873 4213 795sq.
