3070 4910
748 258 962 325 -30-

824 455 899 531 64.

333 573 389 639 De
412 573 711 653 vocabulorum,
735 573 875 658 quibus
900 571 1055 634 scholia
1077 572 1401 658 paraphrastica

583 676 907 755 introducuntur,
932 675 968 738 vi
993 682 1031 738 et
1053 685 1137 738 u'su.

793 817 819 876 1.
843 806 935 898 φησί.

378 936 447 1020 Eis,
471 957 554 1021 quae
580 956 679 1021 supra
702 933 748 1020 (p.
768 937 807 998 16
820 933 881 1018 sq.)
905 934 1045 998 disserui
1067 934 1108 997 de
1123 929 1206 1020 φησί
1221 933 1313 998 verbi
1329 935 1446 1019 signi-

291 1041 457 1119 ficatione,
486 1061 591 1126 pauca
619 1039 770 1103 addenda
797 1046 882 1102 sunt.
927 1038 1034 1102 Huius
1064 1041 1150 1103 enim
1177 1039 1269 1104 verbi
1297 1061 1382 1104 usus
1409 1041 1446 1102 in

292 1143 533 1209 introducendis
550 1143 874 1228 interpretationibus
895 1142 1150 1227 paraphrasticis
1174 1149 1241 1208 tarn
1257 1143 1324 1205 late
1341 1149 1446 1228 patet

293 1249 427 1332 (legitur
455 1248 488 1310 in
521 1245 628 1310 Schol.
659 1245 708 1310 Id.
731 1245 766 1308 ΙΙ
795 1245 986 1309 duodecies:
1015 1268 1044 1313 v.
1073 1249 1124 1310 34.
1152 1248 1203 1310 35.
1228 1249 1279 1309 53.
1303 1249 1356 1310 66.
1385 1250 1445 1308 71.

292 1355 343 1416 90.
382 1354 433 1414 94.
468 1353 518 1414 96.
553 1354 623 1412 144.
656 1353 725 1412 151.
761 1342 832 1414 159.
863 1348 951 1434 161),
990 1357 1027 1413 ut
1060 1350 1121 1414 hac
1155 1355 1322 1434 tamquam
1357 1357 1446 1413 nota

293 1457 439 1541 signetur
460 1454 620 1518 vetustior
642 1453 861 1538 paraphrasis.
907 1454 1016 1538 Atque
1045 1474 1084 1517 eo
1116 1454 1199 1518 haec
1222 1455 1443 1540 paraphrasis

293 1561 402 1624 differt
425 1581 497 1622 cum
521 1558 562 1621 ab
579 1559 651 1621 aliis
675 1564 742 1620 tum
766 1580 786 1621 a
809 1559 1004 1622 scholiorum
1021 1557 1291 1623 Theocriteorum
1317 1581 1443 1624 recen-

291 1666 409 1728 tiorum
433 1663 625 1749 paraphrasi
648 1662 894 1748 Moschopulea,
925 1684 1009 1747 quae
1037 1685 1197 1748 nusquam
1226 1659 1310 1750 φησί
1333 1665 1441 1728 inter-

293 1768 399 1832 calato
426 1767 544 1840 utitur3
577 1771 691 1829 contra
720 1765 754 1828 in
780 1764 979 1829 Tricliniana
1006 1762 1088 1853 φησί
1120 1768 1314 1852 aliquotiens
1345 1790 1442 1832 com-

293 1878 389 1964 paret
400 1871 436 1952 ¹).

380 1971 473 2045 Quae
503 1971 543 2035 de
573 1967 656 2057 φησί
688 1972 881 2036 intercalato
919 1975 1072 2058 exposui,
1108 1975 1224 2038 eadem
1251 1975 1366 2039 valent
1405 1977 1442 2038 in

293 2077 422 2158 formis,
453 2097 536 2161 quae
567 2076 661 2139 initio
689 2076 928 2160 paraphraseos
955 2079 1123 2161 leguntur:
1155 2075 1236 2164 φησὶ
1265 2075 1301 2141 δὲ
1332 2073 1443 2155 οὕτως

297 2181 348 2264 (ΙΙ
364 2180 437 2267 66);
461 2177 541 2266 φησί
566 2177 602 2242 δὲ
624 2173 675 2243 ὅτι
700 2179 748 2263 (ΙΙ
765 2182 834 2259 71);
856 2177 956 2267 φησὶν
979 2169 1034 2244 οὖν
1057 2175 1109 2244 ὅτι
1134 2179 1197 2263 (IV
1217 2179 1280 2266 11).

382 2284 553 2369 Leguntur
576 2289 685 2347 autem
716 2283 797 2347 haec
819 2285 921 2348 verba
948 2305 1014 2347 non
1039 2285 1144 2348 solum
1173 2285 1207 2347 in
1230 2286 1330 2350 meris
1356 2308 1441 2371 quas

295 2389 437 2453 diximus
460 2387 727 2473 paraphrasibus,
751 2409 864 2452 verum
887 2389 984 2450 etiam
1007 2389 1041 2451 in
1064 2389 1113 2467 iis,
1138 2409 1222 2472 quae
1246 2390 1441 2454 universam

294 2499 421 2558 tantum
453 2497 572 2578 poetae
602 2492 797 2555 sententiam
826 2491 982 2574 reddunt,
1014 2500 1050 2554 ut
1083 2493 1136 2556 vel
1166 2493 1199 2555 in
1228 2493 1274 2556 eis
1305 2494 1441 2558 obviam

296 2599 376 2662 fiant
388 2595 531 2673 scholiis,
546 2615 627 2679 quae
640 2593 1175 2672 101111111οὸνοῢς11111ο1111111111111
1189 2595 1288 2680 (XIII
1300 2599 1357 2660 25:
1371 2597 1390 2660 d
1403 2595 1442 2662 δὲ

298 2701 387 2776 νοῦς·
410 2690 488 2764 καθ’
507 2693 552 2779 ὅν,
577 2693 668 2785 φησί,
692 2697 806 2782 καιρὸν
820 2721 849 2762 κ.
862 2722 891 2762 τ.
903 2697 957 2784 1.),
979 2699 1158 2784 dequibus
1182 2700 1267 2763 infra
1288 2721 1442 2784 agemus.
1511 2775 1512 2780 γ

385 2991 505 3056 Rarius
536 2991 638 3078 (apud
669 2993 739 3076 Zgl.
769 2993 906 3077 septies:
943 2992 1050 3056 Schol.
1079 2991 1127 3055 Id.
1152 2991 1168 3054 Ι
1194 2997 1221 3073 1,
1253 2993 1440 3076 182-83,
1511 2969 1512 3016 l

298 3097 333 3160 ΙΙ
352 3099 423 3176 166,
445 3094 498 3158 ΠΙ
514 3099 564 3171 21,
593 3095 641 3158 VI
658 3099 687 3177 9,
711 3095 866 3176 vl1115,
889 3096 921 3158 Χ
941 3095 970 3180 1)
1001 3097 1034 3158 in
1063 3097 1312 3182 paraphrasium
1340 3100 1438 3164 initio
1511 3139 1512 3182 ,

297 3199 437 3263 occurrit
459 3194 497 3264 τὸ
512 3194 588 3286 ἑξῆς
611 3200 679 3264 sive
701 3194 743 3263 rol
761 3193 844 3287 ἑξῆς.
880 3198 976 3272 Quod
992 3199 1184 3264 adverbium
1209 3222 1281 3263 oum
1306 3202 1339 3262 in
1363 3203 1440 3266 aliis

298 3303 494 3365 scholiorum
512 3303 703 3387 corporibus
728 3324 747 3366 a
770 3303 914 3386 genuina
937 3303 1170 3388 significatione
1196 3302 1275 3388 (qua
1290 3306 1442 3387 pertinet

297 3406 338 3470 ad
362 3405 590 3491 explicandam
615 3407 886 3470 constructionem
902 3407 1084 3487 verborum,
1108 3428 1191 3491 quae
1207 3408 1338 3470 licentia
1355 3431 1440 3494 poe·

297 3512 361 3574 tica
389 3510 544 3573 inusitate
566 3511 671 3593 posita
695 3510 783 3596 sunt)
811 3517 985 3596 tantopere
1016 3512 1206 3592 recesserit,
1237 3517 1273 3574 ut
1302 3534 1322 3575 a
1346 3515 1442 3578 verbi
1511 3507 1512 3544 l

299 3609 381 3699 φησί
403 3633 465 3675 usu
488 3632 552 3675 non
574 3612 670 3695 longe
694 3612 794 3692 absit,
824 3613 875 3676 his
899 3614 932 3675 in
956 3612 1086 3676 scholiis
1110 3633 1181 3676 eam
1205 3613 1269 3677 vim
1292 3614 1441 3698 retinuit,
1511 3669 1512 3676 ,

299 3737 381 3801 quae
407 3716 540 3780 eiusab
564 3715 657 3778 initio
681 3716 814 3800 propria
836 3716 954 3779 fuerat.

384 3820 627 3883 Perlustremus
653 3821 783 3904 singula
807 3820 973 3906 exempla:
1511 3881 1512 3898 2

389 3926 415 3988 1.
440 3921 597 4006 Legimus
621 3924 661 3985 ad
685 3923 733 3990 Id.
757 3923 774 3985 I
797 3925 938 4003 82-83,
969 3923 1025 3986 ubi
1052 3944 1150 3988 versu
1174 3924 1348 4010 ephymnio
1373 3924 1440 4013 (ἅρ-

298 4059 363 4111 χετε
390 4041 548 4109 βουκολικᾶς
570 4039 672 4092 Μοῖσαι
700 4041 779 4111 φίλαι1
810 4038 902 4112 ἄρχεί
928 4026 1035 4111 ἀοιδᾶς)
1069 4033 1262 4111 separantur
1290 4027 1440 4093 eiusdem
1511 4077 1512 4124 1

300 4149 505 4159 --————-———

390 4199 409 4264 ¹)
428 4195 481 4249 cfr.
501 4196 567 4250 Ahr.
580 4197 607 4249 II
626 4197 714 4252 Praef.
734 4218 760 4267 p.
775 4197 870 4254 LXIV.
