3070 4910
695 255 944 352 '..s..

280 474 441 543 disiuncta
473 481 617 559 exstant,
651 481 801 542 exortum
832 484 884 543 est
913 475 1059 564 (Ahr.II
1087 500 1119 566 p.
1137 482 1194 561 59,
1225 483 1355 546 14-19
1385 487 1420 547 et

279 604 310 667 p.
327 586 378 662 ss,
404 585 542 664 ra-co,
558 581 607 665 sp

367 685 400 772 a)
429 699 576 753 Αοιολικόν
597 718 624 752 τι
646 699 757 771 eoppa:
786 677 885 771 ῆνοον
912 686 1040 769 θαῦμα,
1073 685 1151 759 οἷον
1187 691 1337 768 αἰπόλος
1370 687 1420 763 ἄν

278 791 484 883 θαυμάσειε
506 781 562 851 διὰ
588 780 627 851 τὸ
655 782 783 864 κάλλος.
815 783 974 874 γράφεται
1004 786 1060 853 καὶ
1083 787 1183 872 χωρὶς
1209 792 1268 854 τοῦ
1290 816 1319 854 π
1342 787 1419 857 αῖο-

278 886 377 971 λικόν,
400 885 438 956 τὸ
462 881 680 970 ἆπαιητικόν·
704 885 841 970 αἱολίζιο
864 885 925 976 γὰρ
946 885 985 956 τὸ
1008 883 1138 971 dcccci,
1162 891 1219 957 καί
1244 895 1419 983 Σοφοκλῆς

520 988 589 1062 μηδ’
607 990 708 1053 αἰόλιζε
725 993 811 1045 ταῦτα
830 991 924 1061 (Soph.
942 991 993 1062 frg.
1012 993 1064 1047 854
1075 993 1141 1061 W.).

279 1080 377 1144 codro
400 1075 437 1143 δὲ
457 1074 519 1166 ἔφη
543 1071 583 1143 δι’
609 1071 794 1166 ὑπερβολὴν
816 1078 875 1143 τοῦ
898 1073 1046 1157 κάλλους.

365 1180 401 1268 b)
427 1175 496 1268 [Ἢ]
515 1197 636 1250 αἰολικόν
656 1181 780 1268 (νόημα
804 1179 938 1267 Gen.¹'):
963 1173 1232 1267 ἆπαεητικόν,
1256 1181 1417 1249 ποικίλ-
1526 1223 1527 1234 .

278 1285 357 1366 λον,
397 1279 677 1371 [ἐκπληκτικὸν
709 1282 775 1349 καὶ
808 1275 828 1351 ὃ
856 1278 899 1349 dv
931 1308 992 1363 τις
1025 1280 1092 1350 διὰ
1131 1280 1280 1364 κάλλος
1310 1292 1418 1352 darr—
1526 1275 1527 1320 3

277 1383 414 1476 μάσῃ·]
436 1389 558 1452 ταῦτα
580 1382 654 1473 γὰρ
677 1383 842 1453 δύναται
858 1383 901 1452 τὸ
918 1383 1128 1468 αἰολίζειν.
1160 1383 1195 1476 (ἢ
1209 1385 1419 1469 Αἱολικῶς

280 1483 470 1576 (ἀπατῶν)
493 1490 617 1576 Gen.¹')·
642 1486 677 1556 οἶ
700 1485 962 1576 γὰρΑὶολεῖς
983 1485 1054 1554 ἐπὶ
1078 1483 1214 1578 ἀπάτῃ
1237 1489 1419 1578 διαβάλ-

277 1595 425 1661 λονται
448 1619 477 1660 κ.
492 1618 521 1661 τ.
536 1595 564 1660 λ.

363 1698 456 1771 Quae
473 1699 574 1764 verba
596 1698 629 1762 in
646 1699 767 1763 scholio
784 1699 992 1783 Ziegleriano
1013 1699 1110 1762 latius
1134 1698 1273 1763 diductis
1295 1701 1417 1766 litteris

277 1802 422 1883 distinxi,
446 1824 485 1867 ea
508 1823 550 1867 cx
574 1802 635 1866 hoo
659 1803 855 1888 posteriore;
880 1823 963 1887 quae
986 1802 1175 1882 maioribus,
1201 1824 1242 1867 ea
1265 1825 1283 1866 e
1303 1805 1416 1889 priore

278 1905 400 1970 scholio
423 1905 629 1971 Ahrcnsiano
653 1907 757 1992 petita
780 1912 865 1971 sunt.

362 2011 407 2077 II.
419 2017 450 2075 Γ
447 2006 587 2098 ράφειαι
596 2007 695 2095 χωρὶς
706 2010 766 2074 τοῦ
776 2034 805 2073 π
818 2024 956 2078 nectuntu-
976 2005 1134 2090 αἰολίζειν
1146 2004 1207 2096 γὰρ
1220 2005 1258 2076 τὸ
1268 2002 1416 2077 ἀπατᾶν·

274 2107 434 2202 Ἱεροκλῆς
456 2112 616 2198 (Toupius
640 2112 824 2200 Σοφοκλῆς)

690 2210 759 2284 μηδ’
777 2214 878 2276 αἰόλιζε
895 2215 989 2268 ταῦτα.

362 2302 435 2366 Ηοο
459 2303 618 2367 scholium
642 2301 783 2367 efficitur
806 2303 911 2367 altera
933 2310 1026 2388 parte
1050 2301 1180 2383 scholii,
1208 2301 1293 2387 qnod
1315 2323 1418 2388 supra

277 2427 319 2471 ex
336 2407 499 2470 Ahrensio
515 2407 549 2470 ΙΙ
573 2429 603 2492 p.
619 2410 660 2470 59
684 2407 926 2492 exscripsimus.
960 2407 1120 2491 Neglecta
1141 2413 1192 2470 est
1214 2407 1305 2491 prior
1326 2429 1416 2492 pars,

276 2531 359 2594 quae
384 2510 516 2590 scholio,
539 2509 625 2593 quod
648 2530 782 2574 numero
805 2510 832 2578 Ι.
856 2511 1067 2595 signavimus,
1091 2511 1285 2576 continetur.

362 2613 424 2679 ΙΙΙ.
449 2629 596 2682 niustreco
620 2609 797 2697 (Αἰολίχον
822 2613 935 2698 Ahr.):
969 2608 1081 2679 αἰόλον
1112 2638 1144 2678 τι
1171 2610 1228 2678 καὶ
1259 2610 1418 2680 ποικίλον

276 2716 401 2803 θέαμα.
429 2713 451 2808 ῆ
474 2735 608 2790 Αἰολικόν.
658 2715 798 2798 Αἰολεῖς
825 2715 885 2805 γὰρ
916 2716 947 2785 οἱ
976 2715 1143 2785 Αἰτωλοί·
1174 2717 1210 2798 ἐξ
1239 2715 1418 2797 Αἰτωλίας
1429 2773 1441 2796 ,.

277 2821 314 2888 δὲ
335 2845 417 2910 φησι
438 2819 477 2889 τὸ
501 2819 661 2912 ποτήριον
682 2820 895 2908 κεκομίσθαι.

362 2927 401 2991 In
433 2928 496 2992 hoc
529 2930 626 2992 tertio
661 2949 790 3013 quoque
824 2927 945 2992 scholio
980 2926 1056 2990 olim
1085 2927 1210 2991 variam
1239 2928 1416 2992 lectionem

277 3025 454 3097 cinctionis
476 3037 650 3095 tractatam
677 3032 781 3095 fnisse
817 3032 925 3116 colligi
946 3035 1057 3115 potest
1086 3051 1158 3094 oum
1189 3051 1231 3095 ox
1259 3033 1416 3096 lemmate

276 3149 433 3216 Αἰπολικόν,
461 3134 546 3219 quod
574 3155 659 3198 nuno
682 3133 812 3219 quidem
842 3155 915 3198 cum
944 3134 1066 3197 scholio
1093 3154 1158 3197 non
1182 3135 1339 3218 congruit,
1362 3135 1415 3199 in-

276 3238 363 3302 dicat
383 3244 492 3302 autem
516 3238 584 3301 sine
607 3236 708 3301 dubio
731 3238 907 3322 genuinam
930 3238 1066 3300 formam
1089 3236 1318 3322 pleniorem¹);
1341 3245 1413 3302 tum

276 3363 319 3406 ex
343 3341 401 3422 eis,
426 3362 509 3426 qnae
532 3341 715 3406 Ahrensins
739 3363 781 3406 ex
805 3342 969 3407 codicibus
995 3347 1024 3405 5.
1043 3342 1142 3406 Gen.b
1166 3343 1303 3407 addidit:
1332 3339 1414 3428 γρά-

277 3467 375 3531 φεται
398 3441 435 3508 δὲ
457 3439 633 3510 αἱπολικόν
656 3444 705 3531 (ΙΙ
727 3467 760 3530 p.
777 3449 828 3525 59,
846 3445 912 3531 22).

362 3616 478 3681 Eidem
504 3637 621 3681 causae
636 3617 843 3682 tribuendum
865 3624 925 3699 est,
948 3617 1035 3703 quod
1050 3618 1092 3681 cd
1114 3616 1163 3684 Id.
1180 3618 1197 3681 I
1213 3620 1253 3682 85
1271 3618 1414 3703 legimus

276 3720 338 3786 tria
361 3721 443 3784 haec
460 3720 594 3800 scholia,
619 3741 702 3804 quae
718 3723 884 3807 pertinent
906 3722 946 3786 ad
962 3722 1166 3808 participium
1184 3716 1319 3802 ζοίιεισα
1343 3723 1414 3786 sive

275 3823 415 3904 ζατοῖσα
425 3823 453 3910 ²)
477 3826 528 3911 (Ζ.
549 3847 581 3910 p.
596 3825 666 3910 14):

364 3981 385 4047 ¹)
405 3979 484 4044 Quod
502 3978 525 4032 si
544 3978 729 4044 admittimus,
747 3980 878 4033 Ahreusii
891 3980 1050 4034 coniectura
1063 3979 1193 4049 Αἰολίχον
1205 3997 1415 4050 supervacanea

275 4065 315 4118 fit.
346 4066 398 4119 Cfr.
418 4065 503 4118 etiam
522 4066 624 4120 lemma
641 4083 716 4119 num.
730 4067 751 4131 Ι,
770 4066 844 4134 quod
856 4067 886 4120 in
899 4067 957 4121 cod.
971 4066 1076 4136 legitur
1088 4067 1237 4132 atnotcuo'r,
1256 4084 1273 4119 a
1285 4067 1414 4135 Ziegloro

274 4152 304 4205 in
324 4151 445 4205 αἰολικόν
463 4155 673 4206 commutatum.

362 4240 385 4311 ²)
404 4238 458 4293 cfr.
476 4239 542 4292 Ahr.
560 4240 587 4293 ΙΙ
605 4259 632 4311 p.
645 4241 697 4294 474
714 4239 778 4294 adn.
796 4240 832 4294 ad
851 4259 877 4310 p.
891 4242 932 4307 69,
950 4242 975 4295 2.
1012 4241 1068 4307 „Ex
1087 4242 1181 4294 mente
1199 4240 1414 4296 scholiastarum
