3070 4910
768 293 982 361 ,28-

357 1931 429 2018 (67)
453 1928 536 1995 Καί
559 1923 669 2013 ὑμεῖς
695 1921 780 2007 οἶες
801 1925 852 2018 μὴ

312 2027 460 2101 ὀκνεῖτε
488 2029 546 2111 εἰς
573 2026 688 2118 κόρον
709 2027 853 2117 βόσκε-

312 2141 420 2202 σθαι.
475 2129 521 2200 ἀν
569 2129 642 2221 γάρ
695 2135 854 2222 πλῆθος

312 2235 433 2305 πάλιν
469 2236 629 2327 γένηται
666 2236 734 2302 καί
774 2240 853 2327 φυῇ

310 2338 455 2429 βοτάνη
467 2336 606 2431 πολλή,
624 2334 664 2407 ού
679 2345 851 2425 καμεῖτε.

311 2485 353 2495 -
380 2441 478 2512 Τότε
508 2438 550 2511 ού
576 2440 628 2533 μὴ
660 2469 853 2510 κακοπα-

311 2544 478 2639 θήσητε,
503 2543 599 2615 ὅταν
617 2542 739 2613 πάλιν
754 2543 852 2636 αὕτη

312 2645 597 2740 ἀναβλαστήση.

356 3688 427 3776 (74)
474 3679 553 3753 ἀλλ’
601 3679 693 3752 οὐδὲ
734 3681 854 3772 λόγον

314 3791 413 3881 αὐτῇ
462 3784 710 3878 ἀπεκρίθην,
764 3779 854 3856 οἷον

314 3888 405 3961 ούδὲ
426 3890 468 3962 τὸ
490 3889 656 3982 τυχόνῑ).

908 481 1079 569 παρθένου
1095 484 1257 570 τρυφερᾶς
1273 479 1391 564 πόθος.
1406 525 1452 534 —-

908 581 944 653 ού
974 581 1074 671 μόνος
1110 581 1172 671 ἐγώ
1206 583 1312 672 ἔρωτα
1345 583 1451 670 ἔσχον,

907 684 990 756 ἀλλὰ
1004 687 1060 754 καί
1074 683 1114 754 σύ
1129 691 1289 774 γυναικῶν
1300 686 1451 780 ἐραστής.

1113 857 1241 920 61.62

949 960 1053 1024 ταῦτα
1067 956 1126 1041 μὲν
1138 947 1194 1023 ούν
1207 951 1294 1022 κατὰ
1306 949 1453 1046 ἀμοιβὴν

962 1059 994 1128 οί
1006 1063 1126 1140 παῖδες
1137 1056 1374 1147 ε’τραγςόδησαν.
1389 1057 1454 1150 τὴν

906 1160 1043 1250 ἐσχάτην
1054 1162 1090 1230 δὲ
1107 1157 1195 1252 ᾠδὴν
1206 1160 1453 1251 προηγούμενος

906 1259 981 1358 ιἦδεν
1004 1267 1021 1333 δ
1044 1261 1231 1344 Μενάλκας.

1152 1433 1204 1494 ὅθ

950 1531 1113 1618 ἐγκρατῶς
1141 1528 1210 1614 ἔχε,
1243 1524 1347 1613 ἀπεχε
1374 1526 1452 1596 λύκε

906 1636 971 1701 τῶν
999 1631 1121 1722 ἐρίφων
1146 1660 1224 1719 μου,
1256 1628 1360 1718 ἀπεχε
1386 1636 1453 1701 τῶν

906 1733 1068 1818 τοκάδων,
1092 1732 1208 1827 ἤγουν
1224 1740 1289 1804 τῶν
1303 1737 1453 1826 μητέρων

908 1835 1023 1907 αὐτῶν.

1115 1931 1241 1994 67.68.

951 2024 1104 2116 οὐδαμῶς
1135 2025 1331 2112 κοπιάσειε,
1364 2031 1452 2119 ἐνερ-
1519 1997 1520 2080 ί

907 2136 1023 2221 γοῦσαι
1051 2128 1237 2222 δηλονότι
1264 2130 1323 2223 τὴν
1350 2131 1452 2224 ἔκφυ-

908 2260 960 2303 σιν
989 2237 1104 2326 αύτῆς,
1129 2233 1207 2304 όταν
1237 2233 1319 2325 αύτη
1347 2236 1454 2306 πάλιν

905 2331 990 2429 μόνη
999 2337 1130 2428 φύηται,
1144 2335 1166 2430 ἤ
1172 2339 1451 2432 γουνβλαστάνη.

1151 2508 1203 2570 ὅθ

951 2602 1044 2694 ἀγευε
1052 2603 1226 2692 βόσκεσθε,
1239 2603 1316 2687 τοὺς
1324 2607 1455 2692 μαζούς

906 2707 1120 2800 πληρώσατε,
1171 2706 1332 2798 γάλακτος
1382 2714 1453 2802 δη-

905 2810 1053 2882 λονύτκ

1115 2905 1165 2966 72.
1190 2903 1240 2967 73.

948 2987 1006 3070 καί
1038 3003 1096 3089 ε’μὲ
1127 3002 1163 3071 ἐκ
1194 3003 1253 3069 τοῦ
1280 3001 1455 3090 σπηλαίου

905 3102 983 3196 κόρη
1011 3104 1059 3186 εἰς
1084 3100 1186 3174 ταύτὸ
1217 3103 1456 3189 συναπτούσας

905 3207 1024 3294 ἔχουσα
1031 3204 1210 3299 τάςόφρύς,
1223 3208 1320 3292 ἐχθὲς
1329 3206 1455 3278 ἰδοῦσα

904 3311 965 3394 τὰς
976 3310 1128 3398 δαμάλας
1140 3309 1314 3380 ἐλαύνοντα
1329 3307 1456 3401 εύμορ-

906 3442 969 3506 φον
991 3410 1075 3484 εἶναι
1098 3413 1213 3504 ἔλεγεν.

950 3676 986 3749 ού
1025 3679 1091 3772 μὴν
1129 3675 1316 3770 ἀπεκρίθην
1353 3677 1452 3774 αύτῇ,

907 3781 996 3852 ἀντὶ
1011 3788 1084 3852 τού
1100 3780 1334 3873 ἀπεκρινάμην,
1411 3783 1453 3856 οὗ

886 3885 1006 3974 μόνον
1028 3886 1123 3976 λόγον
1151 3885 1243 3977 ἡδύν,
1272 3883 1340 3955 ἀλλ’
1372 3885 1456 3960 οὐδὲ

401 4069 422 4136 ¹)
440 4068 541 4123 Nescio
559 4066 648 4138 igitur
664 4083 702 4119 an
720 4063 870 4118 scholiasta
885 4062 962 4132 apud
974 4063 1155 4119 Theocritum
1166 4061 1251 4132 τυχόν
1262 4063 1373 4132 legerit,
1392 4083 1455 4120 non

312 4152 411 4225 πικρόν
423 4153 502 4219 illud,
521 4153 595 4222 quod
607 4151 767 4207 hominibus
780 4149 870 4205 doctis
883 4149 1063 4205 difficultates
1076 4149 1207 4220 praebuit
1220 4149 1279 4216 (cfr.
1292 4149 1455 4219 Zieglerum

312 4238 343 4294 in
361 4239 404 4296 ed.
422 4241 517 4308 carm.)
