3070 4910
757 257 970 326 ..34-

380 445 542 531 Equidem
572 444 697 510 conicio
720 445 782 508 hoc
810 445 904 528 signo
928 443 1016 508 idem
1046 444 1225 530 significari
1249 452 1349 531 atque
1372 447 1448 528 illo,

296 550 380 634 quod
393 550 563 634 Zieglerus
586 549 618 613 in
634 547 742 612 Schol.
756 547 804 612 Id.
817 547 867 611 XI
879 550 919 612 58
933 548 1040 612 reddit
1051 570 1109 633 per
1121 547 1178 630 ff,
1193 549 1251 614 ubi
1263 549 1446 614 habemus:

381 670 450 755 (58)
472 681 548 737 Ἄλλο
565 683 600 737 τά
617 685 684 753 peu:
710 665 743 732 ἓν
770 665 863 752 θέρει
891 663 934 732 τὰ
957 664 1067 752 κρίνα,
1097 666 1130 733 ἒν
1152 669 1288 752 χειμῶνι
1313 665 1349 736 αἱ
1371 664 1444 757 μή-

294 797 393 851 κωνες
414 770 471 838 καὶ
499 767 541 836 τὰ
567 766 782 856 πλαταγώνια
805 763 926 851 αὐτῶν,
959 767 1043 838 ὥστε
1066 764 1126 837 oda
1148 768 1237 842 ἐστιν
1269 765 1375 858 εὖρεῖν
1395 769 1444 838 τὰ

295 874 343 940 ff
364 869 449 941 κατὰ
471 870 531 963 τὴν
552 867 655 963 αὐτὴν
677 868 773 960 ὥραν.

342 1024 345 1030 -
383 977 454 1052 Quo
495 978 673 1066 scripturae
713 978 905 1064 compendio
949 979 1127 1062 significari
1165 985 1245 1065 puto
1281 974 1443 1062 κείμενον,

295 1081 381 1166 quod
404 1081 610 1167 participium
639 1079 801 1165 significat
829 1079 898 1144 fere
932 1082 1155 1166 „Propositum
1179 1081 1220 1146 de
1244 1103 1308 1166 quo
1333 1083 1445 1167 agitur

296 1192 414 1271 poetae
450 1190 623 1249 contextus
658 1185 767 1247 locum
803 1183 872 1246 sive
907 1184 1133 1248 vocabulum“.
1178 1183 1345 1249 Nimirum
1378 1186 1443 1249 hoc

297 1289 487 1375 compendio
510 1288 661 1352 librarius
686 1287 850 1367 utebatur,
875 1306 915 1350 ne
939 1287 1114 1369 vocabula,
1138 1303 1222 1372 quae
1245 1289 1312 1352 iam
1336 1291 1437 1374 paulo

298 1397 374 1457 ante
406 1393 475 1456 sive
511 1381 545 1454 in
581 1391 734 1454 lemmate
767 1391 834 1454 sive
871 1391 905 1453 in
941 1391 1061 1454 scholio
1095 1390 1168 1476 ipso
1209 1391 1330 1456 litteris
1364 1415 1441 1478 per-

298 1498 419 1581 scripta
448 1500 543 1559 erant
573 1494 715 1579 ideoque
747 1494 843 1559 facile
868 1495 1014 1580 suppleri
1036 1500 1205 1579 poterant,
1233 1495 1344 1560 denuo
1368 1519 1444 1582 per-

298 1602 464 1666 scriberet.
510 1599 560 1664 Ac
597 1621 639 1664 ne
664 1600 711 1663 eis
742 1598 872 1684 quidem
902 1599 981 1662 locis
1004 1600 1066 1663 hoo
1095 1599 1288 1684 compendio
1316 1601 1447 1665 videtur

299 1705 466 1770 abstinere
482 1705 628 1774 voluisse
651 1703 813 1786 librarius,
836 1704 892 1767 ubi
908 1704 1082 1767 verborum
1098 1705 1357 1790 supplendorum
1382 1706 1446 1768 alio

301 1830 380 1872 casu
403 1809 617 1893 grammatico
641 1830 725 1893 opus
756 1812 826 1872 erat
849 1812 947 1891 atque
972 1827 1034 1891 quo
1057 1809 1269 1891 pronuntiata
1293 1814 1389 1871 crant
1411 1809 1447 1870 in

304 1913 362 1992 eis,
386 1933 469 1996 quae
494 1911 704 1997 praecedunt.

388 2016 426 2092 In
450 2016 573 2079 scholio
598 2016 697 2101 igitur
720 2014 760 2077 ad
783 2013 832 2077 Id.
848 2013 899 2076 XI
919 2016 959 2078 58
990 2014 1110 2076 locutio
1138 2007 1180 2076 τὰ
1208 2009 1344 2097 κείμενα
1368 2016 1445 2079 sub-

303 2120 517 2184 stantivorum
549 2113 591 2183 τὰ
623 2113 732 2202 κρίνα,
760 2112 821 2195 τὰς
848 2111 1015 2205 μήκωνος,
1054 2111 1096 2180 τὰ
1126 2113 1345 2201 πλαταγώνια
1374 2121 1446 2183 1οοο

303 2225 443 2310 ponitur,
469 2244 551 2308 quae
570 2222 773 2286 substantiva
789 2221 989 2308 praecedunt
1005 2223 1037 2284 in
1054 2220 1168 2284 eodem
1190 2222 1314 2286 scholio
1340 2225 1448 2286 nomi-

304 2329 413 2392 nativo
444 2348 521 2392 casu
550 2348 723 2411 expressa;
754 2327 788 2389 in
818 2325 924 2391 Schol.
953 2325 1001 2390 Id.
1030 2325 1066 2388 Π
1092 2329 1151 2390 119
1178 2325 1225 2390 κπ
1252 2333 1385 2411 spectat
1407 2327 1449 2391 ad
1518 2401 1519 2412 η

304 2433 433 2517 plenius
461 2430 546 2516 quod
573 2430 648 2494 olim
670 2431 777 2494 fuerat
803 2431 922 2494 lemma
945 2444 1070 2518 ἢτρίτος
1095 2439 1139 2518 (ἠὲ
1163 2446 1320 2517 seraptem)
1344 2447 1450 2520 φίλος),
1518 2416 1519 2433 ¹

305 2537 463 2600 scholium
485 2536 592 2620 ipsum
611 2542 721 2598 autem
744 2534 805 2597 hoc
829 2535 905 2598 olim
926 2536 1022 2600 modo
1045 2543 1239 2623 conceptum
1256 2540 1449 2622 legebatur:

305 2633 377 2704 ἀντὶ
399 2638 458 2704 τοῦ
479 2637 580 2703 κῦ-
600 2639 620 2703 i.
638 2659 666 2702 e.
690 2631 712 2727 ἢ
733 2633 843 2723 τρίτον
865 2632 887 2726 ἢ
907 2636 1062 2725 τέταρτον
1078 2636 1175 2726 φίλον
1193 2678 1231 2688 -
1249 2630 1338 2729 ἦγον,
1364 2638 1450 2708 ὥστε
1517 2667 1518 2695 u

305 2734 388 2807 εἶναι
411 2739 520 2829 τρίτος
542 2735 564 2831 ἢ
585 2741 739 2829 τέταρτος
761 2738 867 2829 φίλος.

861 2869 891 2931 2.

393 2966 502 3031 Schol.
518 2966 566 3030 Id.
583 2966 650 3030 VII
669 2970 746 3031 139:
771 2983 962 3050 Λαλογεῦντες
979 2966 1108 3046 lemma,
1132 2967 1308 3050 quodcum
1325 2967 1451 3031 scholio

307 3072 378 3155 ipso
394 3092 459 3133 non
476 3069 623 3154 quadrat,
639 3070 815 3135 delendum
831 3077 891 3135 est.
925 3069 1022 3149 Illud,
1038 3068 1125 3154 quod
1140 3091 1227 3133 nuno
1241 3076 1290 3133 est
1307 3071 1451 3135 alterurn

310 3175 361 3239 ad.
385 3196 414 3238 v.
436 3177 505 3255 139,
531 3174 691 3238 scholium
707 3175 806 3260 priori
830 3174 1092 3260 anteponendum
1116 3179 1213 3258 atque
1238 3195 1310 3237 cum
1335 3175 1394 3238 illo
1419 3176 1451 3238 in

308 3297 406 3340 unum
432 3277 689 3342 contrahendum
713 3299 844 3359 censeo,
868 3285 903 3341 ut
926 3278 1121 3341 habeamus:

395 3377 488 3463 (139)
510 3391 667 3464 'ctotvydm
692 3374 762 3446 ἀπὸ
789 3382 848 3446 τοῦ
877 3374 1049 3461 ὀλολύζειν.
1077 3380 1095 3444 ὁ
1122 3374 1182 3466 γὰρ
1206 3372 1452 3469 Ἀριστοφάνης
1514 3449 1515 3481 η

309 3483 402 3567 (Ahr.
423 3476 664 3571 Ἀριστοτέλης)
689 3481 802 3572 φησίν,
831 3479 883 3550 ὅτι
910 3479 998 3550 πάνυ
1022 3477 1166 3564 ὀλολύζει
1188 3477 1226 3548 τὸ
1250 3482 1351 3570 ζῷον,
1383 3482 1453 3569 μά-

308 3587 405 3652 λιστα
428 3584 461 3651 ἐν
482 3589 554 3665 τοῖς
575 3582 709 3653 ἑλώδεσι
731 3584 851 3667 τόποις
872 3587 929 3653 καὶ
952 3583 1037 3653 κατὰ
1059 3582 1167 3652 νύκτα.
1185 3625 1226 3634 -
1250 3582 1361 3652 πολλὰ
1384 3591 1454 3654 τών

309 3686 400 3776 ζώων
433 3682 502 3755 ἀπὸ
538 3693 649 3780 φωνῆς
678 3687 736 3780 τὴν
768 3693 883 3782 κλῆσιν
915 3687 1058 3776 ἔσχηκεν·
1099 3683 1241 3771 ὀλολύζειν
1276 3683 1452 3776 ὀλολογών,
1513 3677 1514 3743 i

310 3789 418 3875 στάζον
434 3789 569 3881 σταγών,
594 3788 695 3860 ἀείδω
711 3789 827 3882 ἀηδών,
852 3790 991 3860 πλώσσο)
1007 3789 1170 3880 πλαφγών,
1193 3789 1298 3880 τρύζω
1314 3793 1451 3881 τρυγών,
1512 3875 1513 3880 ¹

309 3893 455 3978 κοκκύζει
477 3893 606 3980 κόκκυξ.
653 3900 718 3965 cfr.
742 3901 822 3963 Ahr.
845 3899 881 3963 ΙΙ
903 3921 933 3984 p.
948 3901 1020 3980 280,
1042 3902 1174 3964 16-21.

399 4107 420 4168 ¹)
439 4102 500 4168 ἐών,
525 4104 600 4171 quod
625 4104 701 4172 apud
724 4104 904 4159 Theocritum
931 4104 1006 4158 inter
1031 4105 1159 4177 τέταρτος
1181 4107 1210 4157 ε1
1233 4104 1313 4173 φίλος
1337 4105 1453 4175 legitur,
1511 4071 1512 4112 i

311 4189 404 4252 omisi;
423 4189 584 4258 saepissime
604 4191 676 4244 enim
697 4191 831 4244 lemmata
848 4209 946 4260 parum
966 4194 1095 4244 accurate
1107 4193 1208 4258 poetae
1221 4191 1306 4244 verba
1320 4192 1452 4248 reddunt.

1503 4545 1510 4871 1
