<?xml version="1.0" encoding="UTF-8"?>
<!DOCTYPE html PUBLIC "-//W3C//DTD XHTML 1.0 Transitional//EN"
    "http://www.w3.org/TR/xhtml1/DTD/xhtml1-transitional.dtd">
<html xmlns="http://www.w3.org/1999/xhtml" xml:lang="en" lang="en">
 <head>
  <title>
</title>
<meta http-equiv="Content-Type" content="text/html;charset=utf-8" />
  <meta name='ocr-system' content='tesseract 3.04.00' />
  <meta name='ocr-capabilities' content='ocr_page ocr_carea ocr_par ocr_line ocrx_word'/>
</head>
<body>
  <div class='ocr_page' id='page_1' title='image "./descholiistheoc00buckgoog_0028.png"; bbox 0 0 3070 4910; ppageno 0'>
   <div class='ocr_carea' id='block_1_1' title="bbox 575 267 786 330">
    <p class='ocr_par' dir='ltr' id='par_1_1' title="bbox 575 267 786 330">
     <span class='ocr_line' id='line_1_1' title="bbox 575 267 786 330; baseline 0.009 -18"><span class='ocrx_word' id='word_1_1' title='bbox 575 267 786 330; x_wconf 65' lang='lat'>,23-</span> 
     </span>
    </p>
   </div>
   <div class='ocr_carea' id='block_1_2' title="bbox 97 454 1250 3150">
    <p class='ocr_par' dir='ltr' id='par_1_2' title="bbox 97 454 1250 1064">
     <span class='ocr_line' id='line_1_2' title="bbox 194 454 1249 544; baseline 0.006 -24"><span class='ocrx_word' id='word_1_2' title='bbox 194 457 463 540; x_wconf 87' lang='lat' dir='ltr'>Praeceptorum,</span> <span class='ocrx_word' id='word_1_3' title='bbox 478 475 562 539; x_wconf 89' lang='lat' dir='ltr'>quae</span> <span class='ocrx_word' id='word_1_4' title='bbox 576 454 693 519; x_wconf 90' lang='lat' dir='ltr'>deiude</span> <span class='ocrx_word' id='word_1_5' title='bbox 709 461 808 541; x_wconf 90' lang='lat' dir='ltr'>pocta</span> <span class='ocrx_word' id='word_1_6' title='bbox 819 455 974 521; x_wconf 85' lang='lat' dir='ltr'>Milonem</span> <span class='ocrx_word' id='word_1_7' title='bbox 986 459 1020 521; x_wconf 94' lang='lat' dir='ltr'>in</span> <span class='ocrx_word' id='word_1_8' title='bbox 1033 459 1249 544; x_wconf 81' lang='lat' dir='ltr'><strong>agricolarum</strong></span> 
     </span>
     <span class='ocr_line' id='line_1_3' title="bbox 97 558 1249 647; baseline 0.003 -22"><span class='ocrx_word' id='word_1_9' title='bbox 97 583 203 626; x_wconf 91' lang='lat' dir='ltr'>usum</span> <span class='ocrx_word' id='word_1_10' title='bbox 222 566 446 645; x_wconf 83' lang='lat' dir='ltr'>exponentem</span> <span class='ocrx_word' id='word_1_11' title='bbox 462 559 552 638; x_wconf 86' lang='lat' dir='ltr'>facit,</span> <span class='ocrx_word' id='word_1_12' title='bbox 576 558 723 623; x_wconf 91' lang='lat' dir='ltr'>eiusdem</span> <span class='ocrx_word' id='word_1_13' title='bbox 747 559 816 624; x_wconf 85' lang='lat' dir='ltr'>lere</span> <span class='ocrx_word' id='word_1_14' title='bbox 839 562 979 645; x_wconf 83' lang='lat' dir='ltr'>generis,</span> <span class='ocrx_word' id='word_1_15' title='bbox 1003 583 1066 647; x_wconf 92' lang='lat' dir='ltr'>quo</span> <span class='ocrx_word' id='word_1_16' title='bbox 1082 565 1249 628; x_wconf 78' lang='lat' dir='ltr'>Hesiodus</span> 
     </span>
     <span class='ocr_line' id='line_1_4' title="bbox 99 660 1249 749; baseline 0.003 -20"><span class='ocrx_word' id='word_1_17' title='bbox 99 667 212 730; x_wconf 90' lang='lat' dir='ltr'>utitur</span> <span class='ocrx_word' id='word_1_18' title='bbox 242 663 302 727; x_wconf 90' lang='lat' dir='ltr'>sub</span> <span class='ocrx_word' id='word_1_19' title='bbox 332 664 431 727; x_wconf 89' lang='lat' dir='ltr'>finem</span> <span class='ocrx_word' id='word_1_20' title='bbox 456 661 602 747; x_wconf 87' lang='lat' dir='ltr'>Operum</span> <span class='ocrx_word' id='word_1_21' title='bbox 630 667 664 727; x_wconf 95' lang='lat' dir='ltr'>et</span> <span class='ocrx_word' id='word_1_22' title='bbox 687 660 839 743; x_wconf 91' lang='lat' dir='ltr'>Dierum,</span> <span class='ocrx_word' id='word_1_23' title='bbox 869 665 974 749; x_wconf 88' lang='lat' dir='ltr'>magis</span> <span class='ocrx_word' id='word_1_24' title='bbox 997 666 1151 731; x_wconf 87' lang='lat' dir='ltr'>universa</span> <span class='ocrx_word' id='word_1_25' title='bbox 1174 690 1249 732; x_wconf 88' lang='lat' dir='ltr'>sen·</span> 
     </span>
     <span class='ocr_line' id='line_1_5' title="bbox 100 764 1250 855; baseline 0.003 -23"><span class='ocrx_word' id='word_1_26' title='bbox 100 769 214 834; x_wconf 89' lang='lat' dir='ltr'>tentia</span> <span class='ocrx_word' id='word_1_27' title='bbox 239 767 432 852; x_wconf 83' lang='lat' dir='ltr'>exprimitur</span> <span class='ocrx_word' id='word_1_28' title='bbox 455 766 489 829; x_wconf 95' lang='lat' dir='ltr'>in</span> <span class='ocrx_word' id='word_1_29' title='bbox 507 764 638 830; x_wconf 82' lang='lat' dir='ltr'>scholiis</span> <span class='ocrx_word' id='word_1_30' title='bbox 662 786 772 829; x_wconf 91' lang='lat' dir='ltr'>eorum</span> <span class='ocrx_word' id='word_1_31' title='bbox 792 766 973 848; x_wconf 83' lang='lat' dir='ltr'>simillimis,</span> <span class='ocrx_word' id='word_1_32' title='bbox 997 791 1081 853; x_wconf 86' lang='lat' dir='ltr'>quae</span> <span class='ocrx_word' id='word_1_33' title='bbox 1096 771 1250 855; x_wconf 87' lang='lat' dir='ltr'>leguntur</span> 
     </span>
     <span class='ocr_line' id='line_1_6' title="bbox 102 867 1248 956; baseline 0.003 -19"><span class='ocrx_word' id='word_1_34' title='bbox 102 874 147 937; x_wconf 90' lang='lat' dir='ltr'>ad</span> <span class='ocrx_word' id='word_1_35' title='bbox 167 893 228 937; x_wconf 91' lang='lat' dir='ltr'>eos</span> <span class='ocrx_word' id='word_1_36' title='bbox 245 873 336 935; x_wconf 89' lang='lat' dir='ltr'>locos</span> <span class='ocrx_word' id='word_1_37' title='bbox 354 867 678 950; x_wconf 80' lang='lat' dir='ltr'>circumscribendos,</span> <span class='ocrx_word' id='word_1_38' title='bbox 702 869 757 953; x_wconf 90' lang='lat' dir='ltr'>qui</span> <span class='ocrx_word' id='word_1_39' title='bbox 772 890 875 956; x_wconf 91' lang='lat' dir='ltr'>prope</span> <span class='ocrx_word' id='word_1_40' title='bbox 891 871 1051 935; x_wconf 88' lang='lat' dir='ltr'>accedunt</span> <span class='ocrx_word' id='word_1_41' title='bbox 1067 873 1108 936; x_wconf 88' lang='lat' dir='ltr'>ad</span> <span class='ocrx_word' id='word_1_42' title='bbox 1124 895 1248 940; x_wconf 90' lang='lat' dir='ltr'>morem</span> 
     </span>
     <span class='ocr_line' id='line_1_7' title="bbox 103 974 347 1064; baseline -0.02 -22"><span class='ocrx_word' id='word_1_43' title='bbox 103 978 257 1064; x_wconf 89' lang='lat' dir='ltr'>epicum,</span> <span class='ocrx_word' id='word_1_44' title='bbox 280 974 347 1038; x_wconf 91' lang='lat' dir='ltr'>his:</span> 
     </span>
    </p>

    <p class='ocr_par' dir='ltr' id='par_1_3' title="bbox 103 1068 1248 1372">
     <span class='ocr_line' id='line_1_8' title="bbox 195 1068 1248 1166; baseline 0.002 -23"><span class='ocrx_word' id='word_1_45' title='bbox 195 1079 267 1165; x_wconf 86' lang='grc'>(46)</span> <span class='ocrx_word' id='word_1_46' title='bbox 291 1074 373 1164; x_wconf 91' lang='grc' dir='ltr'><em>φησί</em></span> <span class='ocrx_word' id='word_1_47' title='bbox 397 1075 464 1141; x_wconf 98' lang='grc' dir='ltr'><em>δεῖν</em></span> <span class='ocrx_word' id='word_1_48' title='bbox 487 1068 748 1162; x_wconf 84' lang='grc' dir='ltr'><em>άπεστερημένην</em></span> <span class='ocrx_word' id='word_1_49' title='bbox 770 1076 830 1142; x_wconf 80' lang='grc' dir='ltr'>τοῦ</span> <span class='ocrx_word' id='word_1_50' title='bbox 852 1069 974 1160; x_wconf 77' lang='grc' dir='ltr'>ἀνέμου</span> <span class='ocrx_word' id='word_1_51' title='bbox 1001 1081 1137 1144; x_wconf 86' lang='grc' dir='ltr'><em>κεῖσθαι</em></span> <span class='ocrx_word' id='word_1_52' title='bbox 1163 1073 1248 1166; x_wconf 74' lang='grc' dir='ltr'><em>ὑπὲρ</em></span> 
     </span>
     <span class='ocr_line' id='line_1_9' title="bbox 103 1173 1247 1271; baseline -0.001 -22"><span class='ocrx_word' id='word_1_53' title='bbox 103 1185 165 1249; x_wconf 80' lang='grc' dir='ltr'>τοῦ</span> <span class='ocrx_word' id='word_1_54' title='bbox 195 1176 243 1271; x_wconf 87' lang='grc' dir='ltr'><em>μή</em></span> <span class='ocrx_word' id='word_1_55' title='bbox 271 1174 547 1247; x_wconf 85' lang='grc' dir='ltr'><em>διατινάσσεσθαι</em></span> <span class='ocrx_word' id='word_1_56' title='bbox 574 1176 631 1243; x_wconf 86' lang='grc' dir='ltr'>καί</span> <span class='ocrx_word' id='word_1_57' title='bbox 663 1176 722 1243; x_wconf 80' lang='grc' dir='ltr'><em>ἐπὶ</em></span> <span class='ocrx_word' id='word_1_58' title='bbox 751 1177 853 1245; x_wconf 81' lang='grc' dir='ltr'><em>πλέον</em></span> <span class='ocrx_word' id='word_1_59' title='bbox 879 1173 1054 1260; x_wconf 71' lang='grc' dir='ltr'><em>αὔξεσθαι·</em></span> <span class='ocrx_word' id='word_1_60' title='bbox 1078 1177 1163 1247; x_wconf 77' lang='grc' dir='ltr'><em>οὕτω</em></span> <span class='ocrx_word' id='word_1_61' title='bbox 1186 1183 1247 1269; x_wconf 83' lang='grc' dir='ltr'>γάρ</span> 
     </span>
     <span class='ocr_line' id='line_1_10' title="bbox 104 1279 686 1372; baseline -0.009 -18"><span class='ocrx_word' id='word_1_62' title='bbox 104 1285 146 1354; x_wconf 79' lang='grc' dir='ltr'>δν</span> <span class='ocrx_word' id='word_1_63' title='bbox 169 1282 313 1372; x_wconf 85' lang='grc' dir='ltr'><em>λιπαρὸς</em></span> <span class='ocrx_word' id='word_1_64' title='bbox 335 1282 485 1369; x_wconf 81' lang='grc' dir='ltr'><em>διαμένοι</em></span> <span class='ocrx_word' id='word_1_65' title='bbox 508 1279 526 1351; x_wconf 87' lang='grc' dir='ltr'><strong>ὁ</strong></span> <span class='ocrx_word' id='word_1_66' title='bbox 548 1279 686 1369; x_wconf 90' lang='grc' dir='ltr'><em>καρπός.</em></span> 
     </span>
    </p>

    <p class='ocr_par' dir='ltr' id='par_1_4' title="bbox 103 1381 1248 1792">
     <span class='ocr_line' id='line_1_11' title="bbox 196 1381 1246 1476; baseline 0.004 -22"><span class='ocrx_word' id='word_1_67' title='bbox 196 1389 268 1476; x_wconf 87' lang='grc'>(48)</span> <span class='ocrx_word' id='word_1_68' title='bbox 292 1391 344 1455; x_wconf 88' lang='grc' dir='ltr'>δεῖ</span> <span class='ocrx_word' id='word_1_69' title='bbox 364 1385 441 1467; x_wconf 83' lang='grc' dir='ltr'><em>τοὺς</em></span> <span class='ocrx_word' id='word_1_70' title='bbox 463 1381 630 1466; x_wconf 82' lang='grc' dir='ltr'><em>άλοοῖντας</em></span> <span class='ocrx_word' id='word_1_71' title='bbox 657 1383 864 1475; x_wconf 78' lang='grc' dir='ltr'><em>μεσημβρίας</em></span> <span class='ocrx_word' id='word_1_72' title='bbox 893 1381 996 1455; x_wconf 86' lang='grc' dir='ltr'><em>άλοᾶν</em></span> <span class='ocrx_word' id='word_1_73' title='bbox 1024 1385 1080 1456; x_wconf 86' lang='grc' dir='ltr'>διὰ</span> <span class='ocrx_word' id='word_1_74' title='bbox 1107 1387 1145 1457; x_wconf 86' lang='grc' dir='ltr'>τὸ</span> <span class='ocrx_word' id='word_1_75' title='bbox 1169 1390 1246 1458; x_wconf 82' lang='grc' dir='ltr'><em>ε’πι-</em></span> 
     </span>
     <span class='ocr_line' id='line_1_12' title="bbox 103 1485 1248 1584; baseline -0.001 -22"><span class='ocrx_word' id='word_1_76' title='bbox 103 1490 240 1584; x_wconf 88' lang='grc' dir='ltr'><em>τήδειον</em></span> <span class='ocrx_word' id='word_1_77' title='bbox 261 1486 346 1559; x_wconf 82' lang='grc' dir='ltr'><em>εἶναι</em></span> <span class='ocrx_word' id='word_1_78' title='bbox 368 1487 426 1558; x_wconf 84' lang='grc' dir='ltr'>τὸν</span> <span class='ocrx_word' id='word_1_79' title='bbox 448 1487 576 1577; x_wconf 89' lang='grc' dir='ltr'><em>καιρόν·</em></span> <span class='ocrx_word' id='word_1_80' title='bbox 598 1486 676 1569; x_wconf 82' lang='grc' dir='ltr'><em>τοὺς</em></span> <span class='ocrx_word' id='word_1_81' title='bbox 693 1489 729 1557; x_wconf 86' lang='grc' dir='ltr'><em>δέ</em></span> <span class='ocrx_word' id='word_1_82' title='bbox 744 1485 898 1576; x_wconf 85' lang='grc' dir='ltr'><em>άμῶντας</em></span> <span class='ocrx_word' id='word_1_83' title='bbox 912 1485 986 1579; x_wconf 84' lang='grc' dir='ltr'><em>άρτι</em></span> <span class='ocrx_word' id='word_1_84' title='bbox 1002 1492 1248 1583; x_wconf 88' lang='grc' dir='ltr'><em>λευκαινομένης</em></span> 
     </span>
     <span class='ocr_line' id='line_1_13' title="bbox 103 1587 1247 1688; baseline -0.002 -23"><span class='ocrx_word' id='word_1_85' title='bbox 103 1602 167 1686; x_wconf 84' lang='grc' dir='ltr'>τῆς</span> <span class='ocrx_word' id='word_1_86' title='bbox 188 1592 270 1687; x_wconf 81' lang='grc' dir='ltr'>ήοῦς</span> <span class='ocrx_word' id='word_1_87' title='bbox 292 1589 455 1682; x_wconf 83' lang='grc' dir='ltr'><em>άρχεσθαι</em></span> <span class='ocrx_word' id='word_1_88' title='bbox 478 1595 537 1660; x_wconf 78' lang='grc' dir='ltr'>τοῦ</span> <span class='ocrx_word' id='word_1_89' title='bbox 559 1587 688 1680; x_wconf 80' lang='grc' dir='ltr'><em>ἀμητοῦ</em></span> <span class='ocrx_word' id='word_1_90' title='bbox 694 1614 701 1628; x_wconf 94' lang='grc'><em>·</em></span> <span class='ocrx_word' id='word_1_91' title='bbox 725 1589 833 1683; x_wconf 91' lang='grc' dir='ltr'><em>λήγειν</em></span> <span class='ocrx_word' id='word_1_92' title='bbox 856 1595 893 1662; x_wconf 83' lang='grc' dir='ltr'>δὲ</span> <span class='ocrx_word' id='word_1_93' title='bbox 914 1592 1170 1685; x_wconf 87' lang='grc' dir='ltr'><em>έπισκιαζοάσης</em></span> <span class='ocrx_word' id='word_1_94' title='bbox 1184 1593 1247 1688; x_wconf 88' lang='grc' dir='ltr'>ήδη</span> 
     </span>
     <span class='ocr_line' id='line_1_14' title="bbox 103 1701 484 1792; baseline -0.016 0"><span class='ocrx_word' id='word_1_95' title='bbox 103 1705 166 1792; x_wconf 70' lang='grc' dir='ltr'><em>τῆς</em></span> <span class='ocrx_word' id='word_1_96' title='bbox 188 1701 296 1789; x_wconf 63' lang='grc' dir='ltr'>γῆς)</span> <span class='ocrx_word' id='word_1_97' title='bbox 478 1713 484 1724; x_wconf 89' lang='grc'><strong>’</strong></span> 
     </span>
    </p>

    <p class='ocr_par' dir='ltr' id='par_1_5' title="bbox 104 1790 1248 2098">
     <span class='ocr_line' id='line_1_15' title="bbox 195 1790 1246 1890; baseline 0.004 -23"><span class='ocrx_word' id='word_1_98' title='bbox 195 1805 267 1890; x_wconf 79' lang='grc'>(52)</span> <span class='ocrx_word' id='word_1_99' title='bbox 290 1796 467 1889; x_wconf 82' lang='grc' dir='ltr'><em>ζηλώσατε,</em></span> <span class='ocrx_word' id='word_1_100' title='bbox 491 1795 600 1888; x_wconf 85' lang='grc' dir='ltr'><em>φησίν,</em></span> <span class='ocrx_word' id='word_1_101' title='bbox 625 1790 812 1886; x_wconf 81' lang='grc' dir='ltr'><em>ὦγεωργοί,</em></span> <span class='ocrx_word' id='word_1_102' title='bbox 836 1796 894 1866; x_wconf 89' lang='grc' dir='ltr'>τὸν</span> <span class='ocrx_word' id='word_1_103' title='bbox 908 1804 967 1868; x_wconf 83' lang='grc' dir='ltr'>τοῦ</span> <span class='ocrx_word' id='word_1_104' title='bbox 982 1799 1146 1889; x_wconf 77' lang='grc' dir='ltr'><em>βατράχου</em></span> <span class='ocrx_word' id='word_1_105' title='bbox 1162 1802 1246 1890; x_wconf 92' lang='grc' dir='ltr'><em>βίον,</em></span> 
     </span>
     <span class='ocr_line' id='line_1_16' title="bbox 104 1900 1248 1996; baseline 0.003 -21"><span class='ocrx_word' id='word_1_106' title='bbox 104 1907 164 1975; x_wconf 81' lang='grc' dir='ltr'>καὶ</span> <span class='ocrx_word' id='word_1_107' title='bbox 200 1901 371 1996; x_wconf 73' lang='grc' dir='ltr'><em>ἀφθονίαν</em></span> <span class='ocrx_word' id='word_1_108' title='bbox 411 1900 541 1983; x_wconf 73' lang='grc' dir='ltr'><em>ἑαυτοῖς</em></span> <span class='ocrx_word' id='word_1_109' title='bbox 578 1905 713 1989; x_wconf 80' lang='grc' dir='ltr'><em>καρπῶν</em></span> <span class='ocrx_word' id='word_1_110' title='bbox 747 1900 1035 1994; x_wconf 82' lang='grc' dir='ltr'><em>περιποιήσασθε,</em></span> <span class='ocrx_word' id='word_1_111' title='bbox 1071 1904 1149 1996; x_wconf 82' lang='grc' dir='ltr'><em>ὅσην</em></span> <span class='ocrx_word' id='word_1_112' title='bbox 1183 1906 1248 1994; x_wconf 80' lang='grc' dir='ltr'><em>έχει</em></span> 
     </span>
     <span class='ocr_line' id='line_1_17' title="bbox 105 2002 669 2098; baseline -0.012 -18"><span class='ocrx_word' id='word_1_113' title='bbox 105 2014 232 2091; x_wconf 78' lang='grc' dir='ltr'><em>ἐκεῖνος</em></span> <span class='ocrx_word' id='word_1_114' title='bbox 253 2005 424 2098; x_wconf 76' lang='grc' dir='ltr'><em>ἀφθονίαν</em></span> <span class='ocrx_word' id='word_1_115' title='bbox 445 2010 511 2074; x_wconf 76' lang='grc' dir='ltr'><em>τοῖν</em></span> <span class='ocrx_word' id='word_1_116' title='bbox 533 2002 669 2074; x_wconf 75' lang='grc' dir='ltr'><em>ὑδάτων.</em></span> 
     </span>
    </p>

    <p class='ocr_par' dir='ltr' id='par_1_6' title="bbox 102 2104 1248 2514">
     <span class='ocr_line' id='line_1_18' title="bbox 194 2104 1247 2206; baseline 0.001 -26"><span class='ocrx_word' id='word_1_117' title='bbox 194 2117 267 2201; x_wconf 85' lang='grc'>(54)</span> <span class='ocrx_word' id='word_1_118' title='bbox 297 2104 324 2180; x_wconf 82' lang='grc' dir='ltr'><em>ὦ</em></span> <span class='ocrx_word' id='word_1_119' title='bbox 351 2108 491 2179; x_wconf 81' lang='grc' dir='ltr'><em>πλούσιε</em></span> <span class='ocrx_word' id='word_1_120' title='bbox 521 2112 578 2178; x_wconf 86' lang='grc' dir='ltr'>καὶ</span> <span class='ocrx_word' id='word_1_121' title='bbox 612 2106 801 2200; x_wconf 87' lang='grc' dir='ltr'><em>φιλάργυρε,</em></span> <span class='ocrx_word' id='word_1_122' title='bbox 836 2106 936 2177; x_wconf 86' lang='grc' dir='ltr'><em>καλὸν</em></span> <span class='ocrx_word' id='word_1_123' title='bbox 970 2105 1009 2176; x_wconf 79' lang='grc' dir='ltr'>δν</span> <span class='ocrx_word' id='word_1_124' title='bbox 1039 2107 1089 2201; x_wconf 77' lang='grc' dir='ltr'>εἴη</span> <span class='ocrx_word' id='word_1_125' title='bbox 1119 2111 1247 2206; x_wconf 90' lang='grc' dir='ltr'><em>συνήθη</em></span> 
     </span>
     <span class='ocr_line' id='line_1_19' title="bbox 104 2210 1247 2308; baseline 0.001 -21"><span class='ocrx_word' id='word_1_126' title='bbox 104 2216 243 2308; x_wconf 76' lang='grc' dir='ltr'><em>ἐργάτην</em></span> <span class='ocrx_word' id='word_1_127' title='bbox 271 2240 309 2284; x_wconf 92' lang='grc' dir='ltr'>σε</span> <span class='ocrx_word' id='word_1_128' title='bbox 338 2210 418 2284; x_wconf 81' lang='grc' dir='ltr'><em>ίίντα</em></span> <span class='ocrx_word' id='word_1_129' title='bbox 446 2215 503 2282; x_wconf 88' lang='grc' dir='ltr'>καί</span> <span class='ocrx_word' id='word_1_130' title='bbox 532 2211 671 2302; x_wconf 75' lang='grc' dir='ltr'><em>γεωργὸν</em></span> <span class='ocrx_word' id='word_1_131' title='bbox 697 2210 804 2304; x_wconf 87' lang='grc' dir='ltr'><em>φακὸν</em></span> <span class='ocrx_word' id='word_1_132' title='bbox 833 2212 928 2300; x_wconf 79' lang='grc' dir='ltr'><em>έιγειν</em></span> <span class='ocrx_word' id='word_1_133' title='bbox 956 2214 1014 2281; x_wconf 85' lang='grc' dir='ltr'>καί</span> <span class='ocrx_word' id='word_1_134' title='bbox 1042 2213 1148 2306; x_wconf 86' lang='grc' dir='ltr'><em>τοάτφ</em></span> <span class='ocrx_word' id='word_1_135' title='bbox 1174 2221 1247 2307; x_wconf 89' lang='grc' dir='ltr'><em>τρέ-</em></span> 
     </span>
     <span class='ocr_line' id='line_1_20' title="bbox 102 2308 1248 2414; baseline 0 -23"><span class='ocrx_word' id='word_1_136' title='bbox 102 2329 246 2414; x_wconf 84' lang='grc' dir='ltr'><em>φεσθαι,</em></span> <span class='ocrx_word' id='word_1_137' title='bbox 269 2317 335 2410; x_wconf 88' lang='grc' dir='ltr'><em>μήν</em></span> <span class='ocrx_word' id='word_1_138' title='bbox 357 2315 462 2406; x_wconf 79' lang='grc' dir='ltr'><em>τρίβει</em></span> <span class='ocrx_word' id='word_1_139' title='bbox 485 2309 522 2385; x_wconf 81' lang='grc' dir='ltr'><em>δέ</em></span> <span class='ocrx_word' id='word_1_140' title='bbox 543 2314 687 2403; x_wconf 80' lang='grc' dir='ltr'><em>κάμινον,</em></span> <span class='ocrx_word' id='word_1_141' title='bbox 711 2308 731 2385; x_wconf 76' lang='grc' dir='ltr'>ὃ</span> <span class='ocrx_word' id='word_1_142' title='bbox 751 2318 868 2404; x_wconf 89' lang='grc' dir='ltr'><em>δεῖγμα</em></span> <span class='ocrx_word' id='word_1_143' title='bbox 882 2319 1008 2407; x_wconf 79' lang='grc' dir='ltr'><em>τρυφῆς</em></span> <span class='ocrx_word' id='word_1_144' title='bbox 1022 2318 1103 2403; x_wconf 77' lang='grc' dir='ltr'><em>ἐστι,</em></span> <span class='ocrx_word' id='word_1_145' title='bbox 1125 2319 1248 2413; x_wconf 82' lang='grc' dir='ltr'><em>μήπως</em></span> 
     </span>
     <span class='ocr_line' id='line_1_21' title="bbox 102 2421 682 2514; baseline -0.017 -17"><span class='ocrx_word' id='word_1_146' title='bbox 102 2424 146 2497; x_wconf 79' lang='grc' dir='ltr'>δι’</span> <span class='ocrx_word' id='word_1_147' title='bbox 173 2422 332 2510; x_wconf 78' lang='grc' dir='ltr'><em>ἀπειρίαν</em></span> <span class='ocrx_word' id='word_1_148' title='bbox 353 2421 412 2514; x_wconf 84' lang='grc' dir='ltr'>τήν</span> <span class='ocrx_word' id='word_1_149' title='bbox 432 2427 524 2509; x_wconf 81' lang='grc' dir='ltr'><em>χεῖρα</em></span> <span class='ocrx_word' id='word_1_150' title='bbox 546 2423 682 2511; x_wconf 83' lang='grc' dir='ltr'><em>πληγῇς.</em></span> 
     </span>
    </p>

    <p class='ocr_par' dir='ltr' id='par_1_7' title="bbox 102 2544 1247 3150">
     <span class='ocr_line' id='line_1_22' title="bbox 193 2544 1245 2633; baseline 0.003 -20"><span class='ocrx_word' id='word_1_151' title='bbox 193 2550 322 2614; x_wconf 88' lang='lat' dir='ltr'>Horum</span> <span class='ocrx_word' id='word_1_152' title='bbox 354 2552 506 2633; x_wconf 87' lang='lat' dir='ltr'>quattuor</span> <span class='ocrx_word' id='word_1_153' title='bbox 531 2544 730 2609; x_wconf 81' lang='lat' dir='ltr'>scholiorum</span> <span class='ocrx_word' id='word_1_154' title='bbox 759 2544 896 2608; x_wconf 86' lang='lat' dir='ltr'>formam</span> <span class='ocrx_word' id='word_1_155' title='bbox 919 2545 965 2608; x_wconf 92' lang='lat' dir='ltr'>ita</span> <span class='ocrx_word' id='word_1_156' title='bbox 988 2552 1137 2612; x_wconf 85' lang='lat' dir='ltr'>exortam</span> <span class='ocrx_word' id='word_1_157' title='bbox 1161 2571 1245 2632; x_wconf 90' lang='lat' dir='ltr'>esse,</span> 
     </span>
     <span class='ocr_line' id='line_1_23' title="bbox 102 2648 1246 2740; baseline -0.001 -21"><span class='ocrx_word' id='word_1_158' title='bbox 102 2661 140 2719; x_wconf 89' lang='lat' dir='ltr'>ut</span> <span class='ocrx_word' id='word_1_159' title='bbox 156 2653 302 2740; x_wconf 85' lang='lat' dir='ltr'>genuina</span> <span class='ocrx_word' id='word_1_160' title='bbox 317 2649 530 2736; x_wconf 82' lang='lat' dir='ltr'>paraphrasis</span> <span class='ocrx_word' id='word_1_161' title='bbox 547 2648 815 2712; x_wconf 86' lang='lat' dir='ltr'>commisceretur</span> <span class='ocrx_word' id='word_1_162' title='bbox 831 2669 904 2712; x_wconf 93' lang='lat' dir='ltr'>cum</span> <span class='ocrx_word' id='word_1_163' title='bbox 924 2648 997 2712; x_wconf 88' lang='lat' dir='ltr'>aliis</span> <span class='ocrx_word' id='word_1_164' title='bbox 1021 2656 1246 2718; x_wconf 88' lang='lat' dir='ltr'>commentarii</span> 
     </span>
     <span class='ocr_line' id='line_1_24' title="bbox 103 2749 1246 2840; baseline -0.001 -18"><span class='ocrx_word' id='word_1_165' title='bbox 103 2758 257 2835; x_wconf 83' lang='lat' dir='ltr'>scholiis,</span> <span class='ocrx_word' id='word_1_166' title='bbox 299 2754 420 2837; x_wconf 85' lang='lat' dir='ltr'>colligo</span> <span class='ocrx_word' id='word_1_167' title='bbox 454 2774 497 2816; x_wconf 86' lang='lat' dir='ltr'>ex</span> <span class='ocrx_word' id='word_1_168' title='bbox 530 2751 762 2816; x_wconf 84' lang='lat' dir='ltr'>additamentis</span> <span class='ocrx_word' id='word_1_169' title='bbox 796 2749 837 2814; x_wconf 92' lang='lat' dir='ltr'>ad</span> <span class='ocrx_word' id='word_1_170' title='bbox 871 2751 1102 2835; x_wconf 88' lang='lat' dir='ltr'>explicandum</span> <span class='ocrx_word' id='word_1_171' title='bbox 1136 2758 1246 2840; x_wconf 89' lang='lat' dir='ltr'>potius</span> 
     </span>
     <span class='ocr_line' id='line_1_25' title="bbox 104 2850 1247 2948; baseline 0.002 -24"><span class='ocrx_word' id='word_1_172' title='bbox 104 2883 204 2948; x_wconf 90' lang='lat' dir='ltr'>quam</span> <span class='ocrx_word' id='word_1_173' title='bbox 228 2858 270 2924; x_wconf 91' lang='lat' dir='ltr'>ad</span> <span class='ocrx_word' id='word_1_174' title='bbox 293 2855 626 2922; x_wconf 87' lang='lat' dir='ltr'>circumscribendum</span> <span class='ocrx_word' id='word_1_175' title='bbox 654 2855 796 2935; x_wconf 91' lang='lat' dir='ltr'>idoneis,</span> <span class='ocrx_word' id='word_1_176' title='bbox 826 2853 935 2938; x_wconf 87' lang='lat' dir='ltr'>qualia</span> <span class='ocrx_word' id='word_1_177' title='bbox 959 2862 1046 2919; x_wconf 91' lang='lat' dir='ltr'>sunt:</span> <span class='ocrx_word' id='word_1_178' title='bbox 1079 2850 1163 2943; x_wconf 79' lang='grc' dir='ltr'><em>ὑπὲρ</em></span> <span class='ocrx_word' id='word_1_179' title='bbox 1187 2862 1247 2926; x_wconf 78' lang='grc' dir='ltr'>τοῦ</span> 
     </span>
     <span class='ocr_line' id='line_1_26' title="bbox 102 2951 1246 3054; baseline 0.001 -24"><span class='ocrx_word' id='word_1_180' title='bbox 102 2961 150 3054; x_wconf 87' lang='grc' dir='ltr'><em>μή</em></span> <span class='ocrx_word' id='word_1_181' title='bbox 168 2955 447 3030; x_wconf 86' lang='grc' dir='ltr'><em>διατινάσσεσθαι</em></span> <span class='ocrx_word' id='word_1_182' title='bbox 463 2957 520 3024; x_wconf 84' lang='grc' dir='ltr'>καί</span> <span class='ocrx_word' id='word_1_183' title='bbox 537 2955 595 3023; x_wconf 76' lang='grc' dir='ltr'><em>ἐπὶ</em></span> <span class='ocrx_word' id='word_1_184' title='bbox 611 2955 712 3024; x_wconf 80' lang='grc' dir='ltr'><em>πλέον</em></span> <span class='ocrx_word' id='word_1_185' title='bbox 728 2951 909 3038; x_wconf 58' lang='lat' dir='ltr'>rudgaudum</span> <span class='ocrx_word' id='word_1_186' title='bbox 932 2953 1042 3026; x_wconf 83' lang='grc' dir='ltr'><em>διὰτὸ</em></span> <span class='ocrx_word' id='word_1_187' title='bbox 1058 2957 1246 3051; x_wconf 76' lang='grc' dir='ltr'><em>ἐπιτήδειον</em></span> 
     </span>
     <span class='ocr_line' id='line_1_27' title="bbox 104 3051 954 3150; baseline -0.008 -16"><span class='ocrx_word' id='word_1_188' title='bbox 104 3061 190 3134; x_wconf 85' lang='grc' dir='ltr'><em>εἶναι</em></span> <span class='ocrx_word' id='word_1_189' title='bbox 213 3061 270 3132; x_wconf 86' lang='grc' dir='ltr'>τὸν</span> <span class='ocrx_word' id='word_1_190' title='bbox 292 3058 421 3150; x_wconf 70' lang='grc' dir='ltr'><em>καιρόν,</em></span> <span class='ocrx_word' id='word_1_191' title='bbox 443 3051 463 3129; x_wconf 80' lang='grc'>3</span> <span class='ocrx_word' id='word_1_192' title='bbox 485 3062 602 3148; x_wconf 90' lang='grc' dir='ltr'><em>δεῖγμα</em></span> <span class='ocrx_word' id='word_1_193' title='bbox 624 3061 749 3150; x_wconf 78' lang='grc' dir='ltr'><em>τρυφῆς</em></span> <span class='ocrx_word' id='word_1_194' title='bbox 771 3059 856 3137; x_wconf 83' lang='grc' dir='ltr'><em>έστι;</em></span> <span class='ocrx_word' id='word_1_195' title='bbox 880 3063 954 3127; x_wconf 90' lang='lat' dir='ltr'>alia.</span> 
     </span>
    </p>
   </div>
   <div class='ocr_carea' id='block_1_3' title="bbox 193 3185 1330 3275">
    <p class='ocr_par' dir='ltr' id='par_1_8' title="bbox 193 3185 1330 3275">
     <span class='ocr_line' id='line_1_28' title="bbox 193 3185 1330 3275; baseline 0.003 -21"><span class='ocrx_word' id='word_1_196' title='bbox 193 3189 348 3274; x_wconf 90' lang='lat' dir='ltr'>Denique</span> <span class='ocrx_word' id='word_1_197' title='bbox 366 3187 506 3252; x_wconf 87' lang='lat' dir='ltr'>extremi</span> <span class='ocrx_word' id='word_1_198' title='bbox 522 3187 672 3251; x_wconf 91' lang='lat' dir='ltr'>carminis</span> <span class='ocrx_word' id='word_1_199' title='bbox 688 3185 784 3250; x_wconf 84' lang='lat' dir='ltr'>valde</span> <span class='ocrx_word' id='word_1_200' title='bbox 798 3186 990 3252; x_wconf 88' lang='lat' dir='ltr'>decurtatae</span> <span class='ocrx_word' id='word_1_201' title='bbox 1006 3191 1245 3275; x_wconf 87' lang='lat' dir='ltr'>paraphraseos</span> <span class='ocrx_word' id='word_1_202' title='bbox 1327 3207 1330 3214; x_wconf 83' lang='grc'><strong>“</strong></span> 
     </span>
    </p>
   </div>
   <div class='ocr_carea' id='block_1_4' title="bbox 104 3289 1244 3483">
    <p class='ocr_par' dir='ltr' id='par_1_9' title="bbox 104 3289 1244 3483">
     <span class='ocr_line' id='line_1_29' title="bbox 104 3289 1244 3376; baseline 0.001 -18"><span class='ocrx_word' id='word_1_203' title='bbox 104 3294 319 3360; x_wconf 87' lang='lat' dir='ltr'>recensiones</span> <span class='ocrx_word' id='word_1_204' title='bbox 343 3292 427 3355; x_wconf 89' lang='lat' dir='ltr'>duae</span> <span class='ocrx_word' id='word_1_205' title='bbox 451 3311 567 3375; x_wconf 87' lang='lat' dir='ltr'>parum</span> <span class='ocrx_word' id='word_1_206' title='bbox 590 3289 766 3375; x_wconf 87' lang='lat' dir='ltr'>diligenter</span> <span class='ocrx_word' id='word_1_207' title='bbox 788 3289 960 3354; x_wconf 83' lang='lat' dir='ltr'>confectae</span> <span class='ocrx_word' id='word_1_208' title='bbox 989 3292 1144 3376; x_wconf 87' lang='lat' dir='ltr'>leguntur</span> <span class='ocrx_word' id='word_1_209' title='bbox 1167 3295 1244 3359; x_wconf 90' lang='lat' dir='ltr'>hae:</span> 
     </span>
     <span class='ocr_line' id='line_1_30' title="bbox 194 3385 1243 3483; baseline 0.002 -22"><span class='ocrx_word' id='word_1_210' title='bbox 194 3395 267 3482; x_wconf 87' lang='grc'>(56)</span> <span class='ocrx_word' id='word_1_211' title='bbox 293 3392 450 3480; x_wconf 78' lang='grc' dir='ltr'><em>Φιλέργφ,</em></span> <span class='ocrx_word' id='word_1_212' title='bbox 475 3389 584 3481; x_wconf 91' lang='grc' dir='ltr'><em>φησίν,</em></span> <span class='ocrx_word' id='word_1_213' title='bbox 608 3385 701 3477; x_wconf 87' lang='grc' dir='ltr'><em>άνδρί</em></span> <span class='ocrx_word' id='word_1_214' title='bbox 724 3392 829 3457; x_wconf 75' lang='grc' dir='ltr'><em>ταῦτα</em></span> <span class='ocrx_word' id='word_1_215' title='bbox 851 3391 1115 3477; x_wconf 82' lang='grc' dir='ltr'><em>πρεπωδέστατα</em></span> <span class='ocrx_word' id='word_1_216' title='bbox 1131 3395 1243 3483; x_wconf 87' lang='grc' dir='ltr'><em>λέγειν.</em></span> 
     </span>
    </p>
   </div>
   <div class='ocr_carea' id='block_1_5' title="bbox 103 3603 1245 4284">
    <p class='ocr_par' dir='ltr' id='par_1_10' title="bbox 103 3603 1245 4284">
     <span class='ocr_line' id='line_1_31' title="bbox 198 3603 1245 3677; baseline -0.003 -16"><span class='ocrx_word' id='word_1_217' title='bbox 198 3611 218 3676; x_wconf 89' lang='lat'>¹)</span> <span class='ocrx_word' id='word_1_218' title='bbox 238 3605 325 3661; x_wconf 88' lang='lat' dir='ltr'>Omisi</span> <span class='ocrx_word' id='word_1_219' title='bbox 343 3604 429 3659; x_wconf 85' lang='lat' dir='ltr'>verba</span> <span class='ocrx_word' id='word_1_220' title='bbox 447 3603 619 3664; x_wconf 81' lang='grc' dir='ltr'><em>ἐκκλίνοντος</em></span> <span class='ocrx_word' id='word_1_221' title='bbox 635 3603 668 3656; x_wconf 78' lang='lat' dir='ltr'>td</span> <span class='ocrx_word' id='word_1_222' title='bbox 685 3605 787 3672; x_wconf 77' lang='grc' dir='ltr'><em>καῦμα,</em></span> <span class='ocrx_word' id='word_1_223' title='bbox 805 3605 928 3658; x_wconf 80' lang='grc' dir='ltr'><em>τουτέστι</em></span> <span class='ocrx_word' id='word_1_224' title='bbox 939 3604 972 3658; x_wconf 87' lang='grc' dir='ltr'>τδ</span> <span class='ocrx_word' id='word_1_225' title='bbox 982 3607 1069 3675; x_wconf 84' lang='grc' dir='ltr'><em>μέσον</em></span> <span class='ocrx_word' id='word_1_226' title='bbox 1079 3607 1127 3674; x_wconf 87' lang='grc' dir='ltr'>τής</span> <span class='ocrx_word' id='word_1_227' title='bbox 1141 3607 1245 3677; x_wconf 83' lang='grc' dir='ltr'><em>ἡμέρας</em></span> 
     </span>
     <span class='ocr_line' id='line_1_32' title="bbox 103 3690 1244 3767; baseline -0.001 -18"><span class='ocrx_word' id='word_1_228' title='bbox 103 3694 229 3767; x_wconf 82' lang='grc' dir='ltr'><em>ἠρεμεῖν,</em></span> <span class='ocrx_word' id='word_1_229' title='bbox 252 3709 325 3762; x_wconf 84' lang='lat' dir='ltr'>quae</span> <span class='ocrx_word' id='word_1_230' title='bbox 347 3691 423 3761; x_wconf 86' lang='lat' dir='ltr'>apud</span> <span class='ocrx_word' id='word_1_231' title='bbox 442 3690 598 3761; x_wconf 86' lang='lat' dir='ltr'>Zieglerum</span> <span class='ocrx_word' id='word_1_232' title='bbox 622 3693 686 3761; x_wconf 88' lang='lat' dir='ltr'>post</span> <span class='ocrx_word' id='word_1_233' title='bbox 708 3693 760 3760; x_wconf 84' lang='grc' dir='ltr'>γῆς</span> <span class='ocrx_word' id='word_1_234' title='bbox 784 3692 924 3761; x_wconf 84' lang='lat' dir='ltr'>leguntur.</span> <span class='ocrx_word' id='word_1_235' title='bbox 961 3691 1093 3760; x_wconf 86' lang='lat' dir='ltr'>Suspicor</span> <span class='ocrx_word' id='word_1_236' title='bbox 1117 3691 1191 3746; x_wconf 90' lang='lat' dir='ltr'>enim</span> <span class='ocrx_word' id='word_1_237' title='bbox 1214 3695 1244 3749; x_wconf 92' lang='lat' dir='ltr'>in</span> 
     </span>
     <span class='ocr_line' id='line_1_33' title="bbox 105 3776 1245 3852; baseline -0.001 -16"><span class='ocrx_word' id='word_1_238' title='bbox 105 3779 259 3852; x_wconf 86' lang='lat' dir='ltr'>participio</span> <span class='ocrx_word' id='word_1_239' title='bbox 282 3777 454 3837; x_wconf 79' lang='grc' dir='ltr'><em>ἐκκλίνοντος</em></span> <span class='ocrx_word' id='word_1_240' title='bbox 477 3778 565 3832; x_wconf 88' lang='lat' dir='ltr'>latere</span> <span class='ocrx_word' id='word_1_241' title='bbox 582 3777 753 3831; x_wconf 87' lang='lat' dir='ltr'>infinitivum</span> <span class='ocrx_word' id='word_1_242' title='bbox 771 3777 892 3830; x_wconf 80' lang='grc' dir='ltr'><em>ἐλινῦσαι</em></span> <span class='ocrx_word' id='word_1_243' title='bbox 910 3776 1054 3846; x_wconf 85' lang='lat' dir='ltr'>(infinitivi</span> <span class='ocrx_word' id='word_1_244' title='bbox 1073 3794 1138 3832; x_wconf 86' lang='lat' dir='ltr'>vero</span> <span class='ocrx_word' id='word_1_245' title='bbox 1157 3781 1245 3836; x_wconf 86' lang='lat' dir='ltr'>forma</span> 
     </span>
     <span class='ocr_line' id='line_1_34' title="bbox 106 3859 1245 3938; baseline -0.003 -16"><span class='ocrx_word' id='word_1_246' title='bbox 106 3868 253 3938; x_wconf 82' lang='lat' dir='ltr'>flagitatur</span> <span class='ocrx_word' id='word_1_247' title='bbox 270 3866 385 3935; x_wconf 87' lang='lat' dir='ltr'>propter</span> <span class='ocrx_word' id='word_1_248' title='bbox 402 3863 571 3916; x_wconf 87' lang='lat' dir='ltr'>infinitivum</span> <span class='ocrx_word' id='word_1_249' title='bbox 590 3859 724 3934; x_wconf 80' lang='grc' dir='ltr'><em>η’ρεμεῖν),</em></span> <span class='ocrx_word' id='word_1_250' title='bbox 746 3864 832 3918; x_wconf 85' lang='lat' dir='ltr'>verba</span> <span class='ocrx_word' id='word_1_251' title='bbox 850 3865 945 3916; x_wconf 85' lang='lat' dir='ltr'>autem</span> <span class='ocrx_word' id='word_1_252' title='bbox 964 3861 1085 3916; x_wconf 77' lang='grc' dir='ltr'><em>ἐλινιῖσαι</em></span> <span class='ocrx_word' id='word_1_253' title='bbox 1101 3863 1134 3916; x_wconf 77' lang='lat' dir='ltr'>td</span> <span class='ocrx_word' id='word_1_254' title='bbox 1151 3869 1245 3938; x_wconf 75' lang='grc' dir='ltr'><em>καῦμα</em></span> 
     </span>
     <span class='ocr_line' id='line_1_35' title="bbox 105 3946 1243 4022; baseline -0.003 -14"><span class='ocrx_word' id='word_1_255' title='bbox 105 3955 191 4008; x_wconf 84' lang='lat' dir='ltr'>fuisse</span> <span class='ocrx_word' id='word_1_256' title='bbox 222 3952 325 4006; x_wconf 85' lang='lat' dir='ltr'>lemma</span> <span class='ocrx_word' id='word_1_257' title='bbox 359 3949 445 4018; x_wconf 88' lang='lat' dir='ltr'>idque</span> <span class='ocrx_word' id='word_1_258' title='bbox 476 3948 647 4018; x_wconf 82' lang='lat' dir='ltr'>explicatum</span> <span class='ocrx_word' id='word_1_259' title='bbox 678 3966 736 4004; x_wconf 89' lang='lat' dir='ltr'>esse</span> <span class='ocrx_word' id='word_1_260' title='bbox 768 3948 885 4004; x_wconf 90' lang='lat' dir='ltr'>scholio:</span> <span class='ocrx_word' id='word_1_261' title='bbox 918 3949 1041 4001; x_wconf 77' lang='grc' dir='ltr'><em>τουτέστι</em></span> <span class='ocrx_word' id='word_1_262' title='bbox 1065 3979 1098 3989; x_wconf 89' lang='grc'><strong>-</strong></span> <span class='ocrx_word' id='word_1_263' title='bbox 1121 3946 1243 4022; x_wconf 78' lang='grc' dir='ltr'><em>ἠρεμεῖν.</em></span> 
     </span>
     <span class='ocr_line' id='line_1_36' title="bbox 106 4034 1245 4108; baseline 0 -14"><span class='ocrx_word' id='word_1_264' title='bbox 106 4039 241 4108; x_wconf 81' lang='lat' dir='ltr'>(Verbum</span> <span class='ocrx_word' id='word_1_265' title='bbox 260 4037 382 4090; x_wconf 76' lang='grc' dir='ltr'><em>τουτέστι</em></span> <span class='ocrx_word' id='word_1_266' title='bbox 400 4039 442 4090; x_wconf 86' lang='lat' dir='ltr'>est</span> <span class='ocrx_word' id='word_1_267' title='bbox 459 4035 570 4105; x_wconf 84' lang='lat' dir='ltr'>signum</span> <span class='ocrx_word' id='word_1_268' title='bbox 589 4035 750 4105; x_wconf 87' lang='lat' dir='ltr'>posterioris</span> <span class='ocrx_word' id='word_1_269' title='bbox 769 4035 936 4090; x_wconf 84' lang='lat' dir='ltr'>scholiastae</span> <span class='ocrx_word' id='word_1_270' title='bbox 958 4034 1079 4103; x_wconf 77' lang='lat' dir='ltr'>ingenii3</span> <span class='ocrx_word' id='word_1_271' title='bbox 1103 4038 1195 4093; x_wconf 85' lang='lat' dir='ltr'>verbis</span> <span class='ocrx_word' id='word_1_272' title='bbox 1214 4042 1245 4094; x_wconf 81' lang='grc' dir='ltr'>τό</span> 
     </span>
     <span class='ocr_line' id='line_1_37' title="bbox 106 4119 1243 4195; baseline -0.001 -17"><span class='ocrx_word' id='word_1_273' title='bbox 106 4128 193 4195; x_wconf 80' lang='grc' dir='ltr'><em>μέσον</em></span> <span class='ocrx_word' id='word_1_274' title='bbox 205 4154 238 4163; x_wconf 91' lang='grc'>-</span> <span class='ocrx_word' id='word_1_275' title='bbox 249 4119 364 4194; x_wconf 87' lang='grc' dir='ltr'><em>ήρεμεῐν</em></span> <span class='ocrx_word' id='word_1_276' title='bbox 381 4121 645 4176; x_wconf 80' lang='lat' dir='ltr'>circumscribuntur</span> <span class='ocrx_word' id='word_1_277' title='bbox 662 4123 749 4176; x_wconf 80' lang='lat' dir='ltr'>verbo</span> <span class='ocrx_word' id='word_1_278' title='bbox 761 4120 922 4188; x_wconf 77' lang='lat' dir='ltr'>Theocriti).</span> <span class='ocrx_word' id='word_1_279' title='bbox 953 4120 1007 4175; x_wconf 80' lang='lat' dir='ltr'>cfr.</span> <span class='ocrx_word' id='word_1_280' title='bbox 1019 4121 1086 4176; x_wconf 88' lang='lat' dir='ltr'>Ahr.</span> <span class='ocrx_word' id='word_1_281' title='bbox 1099 4124 1125 4177; x_wconf 92' lang='grc' dir='ltr'>ΙΙ</span> <span class='ocrx_word' id='word_1_282' title='bbox 1144 4143 1171 4194; x_wconf 89' lang='lat' dir='ltr'>p.</span> <span class='ocrx_word' id='word_1_283' title='bbox 1184 4127 1243 4192; x_wconf 77' lang='lat'>329,</span> 
     </span>
     <span class='ocr_line' id='line_1_38' title="bbox 107 4204 1243 4284; baseline -0.006 -17"><span class='ocrx_word' id='word_1_284' title='bbox 107 4213 173 4266; x_wconf 74' lang='lat' dir='ltr'>tet</span> <span class='ocrx_word' id='word_1_285' title='bbox 190 4213 219 4266; x_wconf 80' lang='lat'>6:</span> <span class='ocrx_word' id='word_1_286' title='bbox 246 4207 410 4264; x_wconf 75' lang='grc' dir='ltr'><em>Ἐλινεῖσαι</em></span> <span class='ocrx_word' id='word_1_287' title='bbox 432 4208 467 4264; x_wconf 83' lang='grc' dir='ltr'>δὲ</span> <span class='ocrx_word' id='word_1_288' title='bbox 492 4209 529 4262; x_wconf 69' lang='lat' dir='ltr'>ro*</span> <span class='ocrx_word' id='word_1_289' title='bbox 548 4210 672 4282; x_wconf 75' lang='grc' dir='ltr'><em>καάμαε</em></span> <span class='ocrx_word' id='word_1_290' title='bbox 694 4204 755 4278; x_wconf 88' lang='grc' dir='ltr'><em>ήτοι</em></span> <span class='ocrx_word' id='word_1_291' title='bbox 772 4207 804 4261; x_wconf 87' lang='grc' dir='ltr'>τδ</span> <span class='ocrx_word' id='word_1_292' title='bbox 820 4208 907 4277; x_wconf 83' lang='grc' dir='ltr'><em>μέσον</em></span> <span class='ocrx_word' id='word_1_293' title='bbox 925 4207 972 4278; x_wconf 83' lang='grc' dir='ltr'>τής</span> <span class='ocrx_word' id='word_1_294' title='bbox 995 4207 1101 4281; x_wconf 77' lang='grc' dir='ltr'><em>ἡμέρας</em></span> <span class='ocrx_word' id='word_1_295' title='bbox 1121 4206 1243 4284; x_wconf 76' lang='grc' dir='ltr'><em>ἠρεμεῖν,</em></span> 
     </span>
    </p>
   </div>
   <div class='ocr_carea' id='block_1_6' title="bbox 1259 4382 1343 4439">
    <p class='ocr_par' dir='ltr' id='par_1_11' title="bbox 1259 4382 1343 4439">
     <span class='ocr_line' id='line_1_39' title="bbox 1259 4382 1343 4439; baseline 0 -8"><span class='ocrx_word' id='word_1_296' title='bbox 1259 4382 1343 4439; x_wconf 57' lang='lat' dir='ltr'>,ed</span> 
     </span>
    </p>
   </div>
   <div class='ocr_carea' id='block_1_7' title="bbox 0 0 1542 4910">
    <p class='ocr_par' dir='ltr' id='par_1_12' title="bbox 0 0 1542 4910">
     <span class='ocr_line' id='line_1_40' title="bbox 0 0 1542 4910; baseline 0 0"><span class='ocrx_word' id='word_1_297' title='bbox 0 0 1542 4910; x_wconf 95' lang='lat' dir='ltr'> </span> 
     </span>
    </p>
   </div>
  </div>
 </body>
</html>
