3070 4910
533 305 746 368 „27-

82 491 223 560 Μίλων.
259 487 412 560 άπελθε
443 483 509 558 οὖν
542 490 610 557 καί

82 596 155 684 λέγε
183 591 302 685 αὐτῷ,
339 593 400 664 δτι
428 591 612 682 Πριοτεδς

83 701 139 787 καλ
158 696 253 780 θεὸς
276 695 326 765 ἀλν
349 695 481 788 φώκας
503 695 612 782 ἔνεμε

83 803 131 868 καί
174 799 258 888 μετὰ
305 798 476 887 δυσόδμιον
520 798 612 890 ζρίιον

84 900 283 996 ἀνεστρέφετο
293 908 328 993 ¹).
381 904 439 972 καὶ
481 901 521 970 σὺ
564 901 610 996 μὴ

85 1003 270 1098 λπερφφάνει
295 1005 351 1076 διὰ
372 1005 432 1099 τὴν
454 1011 519 1075 τῶν
533 1006 613 1096 τρά-

86 1137 138 1197 γων
158 1107 260 1202 ὀσμὴν
283 1111 394 1179 ἐλθεῖν
416 1107 501 1199 πρὸς
523 1111 589 1197 ε’μέ.

122 1217 184 1302 (53)
225 1211 343 1283 οὐδέν
385 1241 475 1300 μοι,
519 1213 611 1305 φησί,

86 1315 215 1385 τούτων
233 1314 305 1409 ἡδὺ
321 1314 410 1386 ολίτε
426 1318 613 1399 Πέλοπος

88 1416 167 1511 ἀρχὴ
190 1416 279 1489 οίίτε
297 1419 459 1508 χρυσίου
474 1419 612 1512 πλήθη

88 1520 163 1592 οἰίτε
196 1523 418 1612 ταχύτερον
452 1520 614 1610 ἀνέμων

88 1621 203 1709 εἶναι,
249 1625 272 1718 ἢ
307 1625 353 1696 τὸ
395 1626 504 1712 ἔχειν
545 1623 609 1696 ἐπ’

90 1727 260 1817 ἀγκάλαις
281 1729 352 1799 τὸν
373 1731 549 1798 Μίλωνα.
572 1770 613 1780 -

89 1829 243 1922 Αὐτάρκης
256 1862 308 1915 τις
323 1838 340 1902 6
357 1832 496 1924 Δάφνις,
522 1831 613 1924 [ὅθεν
628 1837 634 1844 ’

89 1938 135 2003 καί
174 1937 268 2027 λέγει]
315 1935 529 2028 meam)
573 1937 614 2004 ἐν

89 2045 162 2120 ταῖς
191 2036 392 2128 ἀγκάλαις
421 2039 522 2126 ἔχων
543 2037 614 2108 τὸν

90 2140 267 2229 έρώμενον
289 2140 369 2211 ὑπὸ
392 2148 440 2234 τῇ
468 2144 612 2233 πέτρᾳ,

90 2239 232 2333 ἀφορῶν
279 2245 347 2337 τὴν
392 2244 614 2337 Σικελικὴν

91 2345 155 2415 ἀλα
200 2350 273 2417 καί
323 2347 399 2440 τὴν
443 2348 614 2418 οἰκείαν

94 2449 289 2543 [ποίμνηνλ.

97 3711 279 3725 Ἢ-

664 486 785 582 ἥγουν
801 493 818 559 6
834 487 963 559 Μίλων.
980 530 1021 540 -
1039 485 1154 574 άπιδι,
1178 481 1205 557 αῖ

665 594 790 682 κολοβέ,
870 595 926 661 καὶ
943 594 1013 683 λέγε
1030 599 1077 684 τῷ
1093 593 1204 676 Μίλιυ,

665 693 753 764 ἀντὶ
781 700 851 764 τοῦ
872 701 920 786 τῷ
944 697 1090 779 Μίλωνι,
1115 695 1166 766 ὅτι
1189 701 1206 765 6

666 798 820 889 Πριυτεάς
846 799 960 890 φώκας
988 799 1104 889 ἔβοσκε
1130 800 1206 870 καί-

666 931 729 994 περ
752 901 796 972 ι’ἀν
817 901 907 986 θεός.

870 1221 1006 1283 53-56.

712 1314 759 1408 μή
788 1345 847 1403 μοι
869 1315 920 1406 εἴη
948 1317 1030 1404 έγειν
1053 1316 1127 1389 οάτε
1148 1320 1207 1414 τὴν

668 1418 920 1512 Πελοπόννησον
962 1420 1045 1513 μήτε
1088 1428 1208 1511 χρυσοῦ

665 1521 818 1606 τάλαντα,
836 1520 953 1615 ἤγουν
965 1523 1105 1616 πλοάτιγ·
1125 1528 1208 1617 μηδὲ

666 1622 716 1714 εἴη
739 1626 823 1712 ἐμοὶ,
844 1628 877 1694 έν
899 1626 1009 1717 δρόμῳ
1036 1628 1113 1711 τούς
1135 1626 1208 1698 ἀνέ-

666 1757 749 1815 μους
782 1730 1007 1818 παρατρέχειν.
1042 1773 1077 1781 -
1107 1729 1208 1801 Ἀλλὰ

667 1829 717 1921 εἴη
739 1859 797 1918 μοι
825 1830 863 1901 τὸ
887 1830 970 1921 ὑπὲρ
998 1832 1057 1926 τὴν
1084 1838 1208 1925 πέτραν

666 1934 785 2026 ταύτην
800 1939 978 2026 τραγῳδεῖν
993 1935 1073 2021 ἔχων
1089 1964 1135 2021 σε,
1151 1937 1209 2007 τὸν

667 2039 819 2121 Μίλωνα,
841 2038 958 2120 εἰςτὰς
974 2037 1120 2128 ἀγκάλας
1131 2070 1207 2129 μου,

667 2145 749 2230 δρῶν
763 2138 805 2210 τὰ
821 2144 904 2228 ὁμοῦ
919 2142 1105 2230 βοσκόμενα
1124 2143 1209 2233 πρό-

666 2255 753 2332 βατα
776 2246 832 2312 καί
856 2243 894 2314 τδ
912 2246 1080 2316 Σικελικὸν
1103 2250 1208 2317 πέλα-

667 2377 731 2437 γος,
756 2345 848 2416 ἀντὶ
870 2353 942 2417 τοῦ
967 2348 1027 2441 τὴν
1049 2355 1208 2420 Σικελίαν.

873 2476 1011 2540 57-60.

711 2571 796 2662 πρὸς
827 2573 869 2641 τά
902 2574 1018 2662 δένδρα
1051 2574 1111 2660 μέν
1139 2575 1210 2643 ἐστι

668 2674 770 2744 κακὸν
797 2675 902 2765 φόβον
928 2676 1000 2761 ἔχον
1032 2681 1049 2745 6
1079 2677 1208 2765 χειμών,

668 2779 754 2869 πρὸς
768 2778 810 2847 τά
826 2779 933 2847 ὕδατα
949 2780 1018 2870 δδὴ
1035 2777 1209 2869 ἀνομβρία,

669 2881 721 2950 ὅτι
744 2879 959 2972 ἀποξηραίνει
982 2884 1039 2951 καὶ
1056 2880 1210 2973 ἀφανίζει

669 2982 768 3068 αὐτά,
792 2984 877 3074 πρὸς
907 2987 942 3054 δέ
968 2985 1045 3068 τοὺς
1074 2984 1211 3075 ὄρνιθας

669 3085 801 3172 ἀσπλαξ
812 3142 819 3170 ,
848 3087 867 3158 6'
889 3091 977 3158 ἐστιν
999 3085 1087 3171 εἶδος
1108 3090 1209 3179 παγί-

669 3195 735 3273 δος.
760 3233 811 3260 -·.
834 3199 905 3274 τοῖς
927 3192 1060 3282 θηρίοις
1085 3199 1156 3273 τοῖς
1178 3195 1211 3260 έν

668 3301 740 3375 τοῖς
782 3293 894 3385 ἀγροῖς
930 3295 1138 3385 διατρίβουσι
1169 3294 1211 3364 τά

670 3399 797 3483 δίκτυα,
822 3398 857 3467 αλ
874 3396 973 3488 άρκυς
992 3443 1026 3452 -
1046 3395 1116 3467 ἀπὸ
1140 3425 1211 3466 κοι-

669 3507 725 3569 νοῦ
770 3521 891 3593 φοβερόν
929 3522 1015 3574 κακόν
1056 3524 1112 3552 ···'
1164 3505 1211 3590 τῷ

671 3602 840 3694 ἀνθρώπῳ
874 3607 910 3673 δέ
940 3604 1040 3698 κακὸν
1071 3602 1212 3696 φοβερὸν

169 3808 186 3874 ¹)
213 3806 305 3860 Verba
335 3804 381 3857 καὶ
411 3804 483 3875 μετά
515 3805 662 3876 δυσόδμων
693 3805 770 3879 ζῳων
801 3800 984 3877 ἀνεστρέφετο
1016 3808 1145 3874 spectant
1176 3806 1212 3860 od

37 3859 38 3864 Ἰ
96 3885 159 3942 Hom.
177 3891 257 3946 6441
268 3911 328 3960 sqq.

167 3988 186 4052 ²)
198 3986 396 4054 Paraphrastes
409 3984 498 4054 igitur
510 4001 566 4038 non
579 3981 682 4054 ᾄσομαι
691 3986 727 4053 (ν.
737 3986 780 4052 55)
794 3985 866 4054 legit
877 3984 953 4052 opud
963 3983 1151 4051 Theocritum,
1164 3989 1212 4042 sed

38 4139 39 4142 Ἴ
96 4061 181 4138 ἥδομαι
198 4075 241 4142 (=
258 4071 382 4142 ἥδομαι),
400 4089 485 4140 quam
503 4070 611 4124 variam
629 4073 779 4127 lec-tionem
797 4072 912 4125 minime
930 4073 1134 4142 neglegendam
1154 4092 1212 4129 esso

38 4167 39 4170 ’
97 4171 176 4216 censeo
199 4166 357 4232 propterea,
384 4163 460 4231 quod
484 4161 587 4232 ᾄσομαι
610 4162 647 4215 ad
670 4165 759 4217 totam
782 4162 912 4230 strophae
934 4163 1163 4231 compositionem
1184 4167 1213 4220 et

97 4258 195 4314 sensum,
213 4250 261 4318 qui
279 4249 374 4318 potius
393 4265 524 4319 praesens
541 4251 651 4318 tempus
670 4249 804 4317 postulat,
822 4265 879 4301 non
897 4248 1034 4318 quadrare
1051 4249 1170 4305 videtur.
