3070 4910
548 219 762 304 ..ap-

165 509 276 574 Schol.
307 509 356 574 Id.
379 508 447 572 VH
467 512 566 573 5-7:
596 509 708 574 Verba
736 505 945 600 ἐπιδημήσας
976 509 1013 578 δὲ
1043 505 1220 596 Θεόκριτος

73 608 244 700 euchaida]
277 605 498 698 Φρασιόοἱμῳ,
535 633 618 700 quae
646 613 785 698 legimus
814 615 848 677 in
877 615 940 678 fine
968 616 1102 702 prioris,
1133 616 1219 700 quod

74 715 233 780 adverbio
257 707 363 793 ἄλλως
379 716 607 800 introducitur,
631 716 756 796 scholii,
782 717 929 782 eicienda
951 722 1042 804 puto,
1066 719 1219 805 quoniam

75 839 138 882 nec
172 841 244 884 oum
274 819 548 906 praecedentibus
576 819 685 885 verbis
715 820 891 884 cohaerent
922 825 955 884 et
977 821 1122 884 minutiis
1146 822 1218 905 qui-

76 921 218 986 busdam
234 924 368 987 mutatis
389 920 440 1005 (δὲ
459 916 573 1008 Θεόκρ.
589 944 648 1009 pro
665 921 682 987 ὁ
701 917 831 1008 Θεόκρ.;
855 925 1011 990 omissum
1028 930 1080 989 est
1095 921 1129 988 ἐν
1143 925 1219 1011 Κῷ)

78 1024 254 1112 desumpta
282 1032 357 1090 sunt
381 1047 424 1090 ex
451 1025 597 1090 eiusdem
621 1024 730 1110 Idyllii
754 1027 973 1112 hypotheseos
997 1028 1098 1094 initio.
1144 1028 1219 1094 Vid.

78 1129 114 1192 Z.
139 1151 173 1216 p.
188 1134 243 1194 50:
263 1121 499 1217 Ἐπιδημήσας
521 1127 538 1192 ὁ
565 1123 739 1214 Θεόκριτος
761 1127 794 1194 ἐν
816 1131 877 1218 Κῷ
899 1125 1065 1218 ἕφιλιώθη
1090 1136 1217 1218 Φρασι-

80 1225 177 1319 ὁάμῳ
198 1256 226 1298 κ.
239 1258 268 1298 τ.
280 1231 309 1296 λ.
639 1323 658 1381 4

169 1423 273 1487 Locus
309 1422 474 1487 Theocriti
516 1423 659 1486 nondum
698 1427 891 1508 personatus
933 1427 1116 1512 explicatur
1159 1424 1220 1488 hoc

83 1527 205 1591 scholio
228 1527 268 1592 ad
294 1527 342 1591 Id.
367 1528 495 1591 11124:

170 1632 258 1715 (124)
283 1645 335 1698 Καί
352 1641 382 1715 μ’
401 1648 427 1698 sl
442 1647 497 1715 μέν
514 1643 538 1696 κ’
556 1646 702 1716 ἐδέχεσθει
720 1629 776 1696 καὶ
793 1627 823 1696 εἶ
837 1628 897 1714 μὲν
912 1628 1066 1713 ἕδὲχεσθέ
1076 1655 1127 1715 με,
1144 1623 1220 1695 ἐκά-

84 1733 201 1798 θευδον
222 1727 262 1798 ἂν
278 1727 485 1818 ἀρκούμενος,
509 1731 566 1798 καὶ
590 1731 620 1798 εἰ
639 1729 739 1817 μόνον
761 1729 799 1799 τὸ
816 1729 923 1818 στόμα
947 1755 1006 1800 σου
1023 1730 1164 1822 ἐφίλησα
1178 1772 1220 1782 -

85 1834 140 1900 καὶ
162 1837 264 1902 ταῦτα
287 1831 327 1902 dv
348 1836 456 1915 καλῶς
484 1828 568 1918 εἶχεν
589 1839 680 1924 ἡμῖν·
709 1830 842 1923 ἄριστος
870 1833 931 1924 γὰρ
953 1839 1018 1903 τῶν
1039 1837 1220 1924 ἡλικιωτῶν

86 1934 152 2021 εἰμι
168 1936 252 2006 -εἰ
275 1939 312 2005 δὲ
327 1933 525 2020 ἀπώσασθε,
550 1935 626 2006 τότε
640 1935 679 2026 ἂν
693 1937 752 2029 τὴν
767 1937 844 2025 βίον
859 1942 1037 2029 προσῆγον.
1072 1942 1220 2027 Apparet

87 2046 317 2130 paraphrasten
341 2050 460 2131 poetae
476 2044 577 2109 verba
595 2047 641 2110 sic
658 2047 777 2131 legisse
794 2045 947 2131 (Theocr.
965 2046 1000 2109 Il
1019 2043 1218 2128 tal-trop

168 2165 211 2216 καί
228 2161 258 2236 μ’
277 2167 304 2218 εἰ
319 2161 414 2235 μένετ’
432 2164 571 2233 §deprende
590 2197 621 2204 -
641 2164 675 2217 rol
694 2162 721 2217 δ’
739 2153 772 2236 ἧς
790 2165 871 2236 φίλα·
890 2163 936 2218 καὶ
953 2164 1008 2237 γαρ
1026 2163 1146 2236 ἐλαφρός

167 2250 210 2303 καὶ
229 2253 311 2310 καλός
328 2250 460 2305 πάντεσσι
476 2250 539 2321 μετ’
554 2247 673 2320 ἠιθέοισι
690 2253 825 2322 καλοῦμαι
846 2283 873 2290 -

167 2327 247 2390 εὗδον
265 2334 297 2403 κ’,
316 2340 344 2390 εἴ
359 2357 390 2390 κε
406 2337 495 2408 μόνον
513 2346 541 2387 κ.
554 2346 582 2387 τ.
595 2322 623 2386 λ.

166 2443 196 2506 Α
212 2465 276 2529 qua
291 2445 433 2508 lectione
450 2466 563 2508 omnes
577 2443 719 2508 editores
735 2445 832 2529 longe
850 2448 1058 2507 recesserunt
1081 2448 1219 2528 excepto

88 2565 146 2610 uuo
168 2547 343 2628 Ahrensio,
367 2548 422 2633 qui
445 2556 477 2612 et
500 2535 593 2612 εὗδόν
614 2540 642 2613 κ’
669 2549 816 2633 scripsit,
840 2570 912 2611 cum
937 2546 1053 2631 reliqui
1076 2545 1219 2610 habeant

90 2638 173 2717 εὗδόν
193 2646 232 2733 τ’,
257 2661 291 2718 et
314 2654 526 2738 parenthesin
551 2655 684 2739 ognovit
708 2654 765 2719 sed
790 2656 965 2730 minorem,
990 2652 1110 2736 quippe
1134 2671 1218 2735 quac

90 2754 214 2842 incipiat
230 2757 362 2822 demum
385 2764 461 2843 post
476 2758 577 2822 verba
598 2753 641 2822 τὰ
664 2750 692 2821 δ’
708 2747 748 2847 ἧς
769 2753 862 2844 φίλα.
901 2755 1021 2819 Nescio
1045 2760 1154 2818 autem
1178 2775 1219 2817 an

92 2860 259 2925 scholiasta
287 2862 407 2925 rectius
439 2862 644 2924 constituerit
672 2860 900 2946 parenthesin,
930 2860 1021 2923 cuius
1049 2858 1150 2922 verba
1172 2859 1220 2921 ita

91 2967 247 3028 verterim:
279 2964 332 3044 „id
355 2964 442 3050 quod
464 2965 543 3027 milri
568 2965 744 3027 iucundum
768 2965 789 3030 i.
807 2986 835 3028 e.
861 2967 1048 3048 exoptato,
1073 2983 1115 3024 ex
1141 2982 1219 3024 sen-

91 3069 182 3131 tentia
212 3068 388 3132 accidisset
418 3066 558 3150 (Scholz
590 3065 646 3131 καὶ
674 3068 778 3132 ταῦτα
806 3061 845 3132 ἂν
873 3066 981 3144 καλῶς
1006 3057 1089 3145 εἶχεν
1115 3064 1217 3150 ἡμῖν),

91 3172 201 3234 etenim
226 3192 297 3234 sum
321 3193 350 3234 e.
368 3192 397 3256 q.
415 3175 461 3234 s.“

555 3529 660 3594 Oscor
683 3529 747 3594 III.

315 3669 376 3732 DE
403 3667 607 3733 SOHOLIIS
632 3665 986 3731 MYTHOLOGIOIS.

168 3825 248 3890 Cum
264 3845 370 3910 neque
388 3846 450 3909 quo
463 3830 611 3909 tempore
628 3822 838 3909 paraphrasis
856 3824 971 3883 exorta
987 3818 1148 3901 sitneque
1166 3819 1217 3880 cui

91 3951 125 3993 ea
139 3928 346 3994 attribuenda
363 3929 413 4010 sit,
437 3927 572 3991 definire
587 3928 725 4007 licuerit,
751 3947 791 3992 ea
813 3923 945 4002 scholia,
968 3942 1051 4006 quae
1071 3921 1104 3982 in
1119 3920 1218 3984 rebus

90 4034 308 4118 mythologicis
330 4040 511 4110 versantur,
539 4033 560 4097 i.
576 4053 604 4097 e.
629 4052 712 4115 quae
737 4051 756 4092 a
780 4027 915 4092 Graecis
941 4018 1085 4109 ἱστορίαι
1109 4025 1218 4087 vocari

91 4137 198 4217 solent,
215 4137 336 4201 certius
353 4135 395 4199 ad
408 4155 501 4198 suum
517 4142 684 4200 auctorem
701 4131 848 4196 revocari
864 4149 959 4214 posse
972 4147 1067 4214 spero
1084 4132 1218 4213 propter

1021 4231 1057 4282 3*

1096 4367 1291 4720 Γ

1100 4749 1113 4822 ἑ
