3070 4910
561 1065 667 1131 Oanos
691 1066 717 1129 I.

89 1220 143 1284 DE
167 1218 464 1284 SOHOLIORUM
486 1219 536 1288 IN
559 1175 859 1284 THEOORITUM
875 1218 1200 1286 VETUSTIORUM

422 1323 593 1388 INDOLE
617 1322 860 1390 UNIVERSA.

161 1441 298 1543 Scholia
309 1480 342 1542 in
352 1478 562 1542 Theocritum
574 1479 755 1542 vetustiora
768 1479 885 1546 ceteris
898 1479 1064 1544 codicibus
1077 1479 1207 1544 fidelius

83 1583 264 1666 pleniusque
281 1589 410 1646 servata
427 1587 556 1646 exstare
569 1587 696 1647 constat
707 1583 739 1645 in
755 1582 865 1647 codice
878 1583 1096 1647 Ambrosiano
1110 1582 1136 1647 O
1148 1585 1210 1646 222

86 1685 142 1749 ord.
157 1685 212 1750 inf.
229 1707 316 1750 saec.
334 1685 421 1750 XIII
432 1688 468 1768 l),
495 1707 558 1770 quo
576 1685 687 1750 codice
705 1707 785 1748 usus
802 1687 925 1749 scholia
946 1687 1087 1772 primum
1111 1685 1211 1749 edidit

85 1777 325 1875 Ohristophorus
349 1791 478 1874 Ziegler
503 1790 688 1875 (Tubingae
713 1791 825 1874 1867);
855 1810 962 1875 pauca
984 1812 1004 1853 a
1025 1812 1061 1854 se
1089 1790 1211 1853 rectius

85 1892 161 1956 lecta
188 1893 314 1957 addidit
342 1891 526 1958 Guilelmus
556 1892 762 1957 Studemund
790 1893 823 1956 in
850 1892 1096 1980 Aneodotorum
1113 1892 1210 1955 Vari-

87 2015 167 2060 orum
180 1998 345 2060 volumine
361 1997 379 2060 Ι
394 1997 561 2080 (Berolini
573 1995 669 2080 1886)
685 2017 759 2081 pag.
776 1995 885 2080 247²).
920 1995 1077 2068 Quamvis
1101 2001 1209 2059 autem

88 2100 163 2162 omni
177 2119 297 2183 genere
315 2101 467 2164 vitiorum
485 2100 664 2186 depravata
679 2100 803 2164 scholia
818 2101 851 2163 in
867 2099 977 2164 codice
993 2100 1213 2165 Ambrosiano

86 2204 238 2288 legantur,
283 2204 346 2268 hoc
383 2227 485 2268 unum
522 2206 686 2268 neminem
725 2205 871 2288 effugere
909 2211 1033 2289 potest,
1078 2205 1213 2289 stirpem

91 2307 274 2371 scholiorum
298 2314 477 2389 eteorum,
501 2329 586 2392 quae
610 2308 781 2392 ZIeglerus
805 2306 917 2387 edidit,
946 2313 978 2371 et
1000 2308 1212 2393 plurimorum

90 2432 125 2474 ex
139 2414 191 2496 eis,
213 2433 298 2498 quae
312 2411 497 2477 Ahrensius
521 2435 564 2477 ex
588 2413 822 2477 diversissimis
845 2412 1013 2476 codicibus
1036 2412 1212 2496 congessit,

92 2536 127 2577 ex
147 2536 206 2579 uno
230 2522 264 2578 et
285 2515 401 2579 eodem
417 2529 570 2579 manasse
588 2517 833 2581 commentario.
872 2515 972 2579 Unius
990 2516 1215 2579 commentarii

91 2621 242 2703 specimen
265 2619 429 2704 integrum
453 2640 526 2683 cum
550 2619 591 2683 ad
614 2625 726 2682 nostra
741 2625 891 2705 tempora
907 2641 970 2683 non
987 2620 1214 2706 permanserit,

90 2723 117 2784 in
136 2744 171 2786 eo
191 2723 335 2787 maxime
366 2724 461 2788 nobis
491 2723 728 2787 elaborandum
757 2729 821 2804 est,
853 2729 890 2786 nt
919 2725 1056 2788 resectis
1086 2723 1213 2788 addita-

92 2827 194 2890 mentis
216 2826 356 2891 noviciis
379 2828 523 2912 genuina
545 2828 670 2910 antiqui
692 2828 779 2890 illius
807 2828 1030 2890 commentarii
1056 2828 1215 2907 membra,

94 2937 231 3013 quantum
253 2932 326 2996 fieri
349 2932 465 3017 possit,
488 2931 709 2994 restituamus.
753 2930 826 2995 Hoc
849 2932 1018 3016 negotium
1042 2938 1213 3017 postquam

94 3039 207 3098 auctore
233 3035 392 3100 Guilelmo
415 3033 622 3111 Stademuad,
646 3035 736 3098 cuius
760 3035 907 3098 consiliis
930 3034 1145 3119 Argentorati
1167 3036 1215 3098 uti

94 3136 159 3198 mihi
178 3137 280 3216 licuit,
310 3138 453 3222 suscepi,
482 3142 677 3223 praeceptor
699 3138 755 3200 ille
779 3138 966 3201 carissimus
983 3137 1215 3201 Vratislaviam

95 3246 230 3303 avocatus
253 3247 303 3304 est
325 3262 433 3325 neque
457 3261 506 3321 ea,
530 3261 594 3323 qua
618 3241 755 3321 solebat,
780 3262 859 3304 cura
882 3241 991 3306 studia
1011 3262 1086 3305 mea
1101 3262 1215 3325 regere

95 3343 191 3423 potuit.

165 3448 216 3530 At,
240 3470 315 3512 cum
338 3448 554 3533 gravissimae
578 3447 847 3511 commutationes
870 3469 930 3533 per
950 3450 1082 3534 longum
1100 3471 1215 3515 saecu-

94 3547 182 3614 lorum
193 3551 334 3638 spatium
348 3553 487 3617 effectae
500 3552 577 3628 sint,
592 3551 713 3615 multae
726 3551 760 3615 in
775 3552 831 3615 illo
845 3553 976 3636 negotio
990 3553 1215 3638 persequendo

167 3723 186 3790 ¹)
206 3721 398 3787 „Scholiorum
416 3722 446 3774 in
464 3722 545 3775 libris
562 3721 732 3776 traditorum
756 3721 812 3776 duo
834 3723 1011 3792 potissimum
1034 3729 1154 3792 genera“
1174 3723 1217 3776 di·

93 3805 245 3876 stinguenda
263 3811 339 3872 sunt,
359 3810 527 3872 ‚sacratiora
544 3809 736 3878 grammaticis
749 3810 912 3877 Byzantinis
928 3810 994 3863 inde
1010 3809 1045 3862 ab
1065 3827 1136 3864 saec.
1149 3811 1216 3864 XIII

93 3888 184 3958 debita,
211 3897 240 3948 et
264 3896 430 3962 vetustiora,
457 3896 560 3964 quibus
587 3897 731 3964 antiquior
754 3897 832 3966 origo
855 3897 1024 3951 vindicanda
1048 3901 1115 3951 est.“
1149 3899 1216 3968 (vid.

96 3977 209 4034 thrensii
228 3982 381 4037 editionem
401 3983 553 4047 Theocriti,
572 3984 599 4037 II
617 3983 741 4053 (Lipsiae
761 3985 839 4051 1859)
859 3985 947 4038 Praei.
966 4003 993 4053 p.
1005 3985 1097 4039 XXVI
1116 3986 1132 4052 ξ
1163 3991 1181 4053 ).

165 4071 186 4136 ²)
204 4069 298 4134 Varia,
317 4087 390 4138 quae
409 4071 588 4125 celeberrimo
607 4071 702 4124 codice
714 4071 897 4125 Ambrosiano
915 4071 1000 4124 0222
1019 4072 1077 4125 ord.
1090 4072 1140 4124 inf.
1153 4088 1217 4124 eon-

94 4149 211 4222 tinentur,
228 4156 334 4226 scripta
352 4156 571 4226 diligentissime
589 4158 764 4211 enumeravit
782 4156 989 4212 Studemundus
1008 4157 1111 4213 Anecd.
1126 4158 1217 4212 Var.l

95 4252 147 4306 pag.
157 4241 300 4299 237-247.
