<?xml version="1.0" encoding="UTF-8"?>
<!DOCTYPE html PUBLIC "-//W3C//DTD XHTML 1.0 Transitional//EN"
    "http://www.w3.org/TR/xhtml1/DTD/xhtml1-transitional.dtd">
<html xmlns="http://www.w3.org/1999/xhtml" xml:lang="en" lang="en">
 <head>
  <title>
</title>
<meta http-equiv="Content-Type" content="text/html;charset=utf-8" />
  <meta name='ocr-system' content='tesseract 3.04.00' />
  <meta name='ocr-capabilities' content='ocr_page ocr_carea ocr_par ocr_line ocrx_word'/>
</head>
<body>
  <div class='ocr_page' id='page_1' title='image "./descholiistheoc00buckgoog_0020.png"; bbox 0 0 3070 4910; ppageno 0'>
   <div class='ocr_carea' id='block_1_1' title="bbox 584 319 795 378">
    <p class='ocr_par' dir='ltr' id='par_1_1' title="bbox 584 319 795 378">
     <span class='ocr_line' id='line_1_1' title="bbox 584 319 795 378; baseline -0.009 -16"><span class='ocrx_word' id='word_1_1' title='bbox 584 319 795 378; x_wconf 69' lang='lat'>..15-</span> 
     </span>
    </p>
   </div>
   <div class='ocr_carea' id='block_1_2' title="bbox 111 491 1257 1008">
    <p class='ocr_par' dir='ltr' id='par_1_2' title="bbox 111 491 1254 800">
     <span class='ocr_line' id='line_1_2' title="bbox 111 491 1254 592; baseline 0 -24"><span class='ocrx_word' id='word_1_2' title='bbox 111 504 333 590; x_wconf 88' lang='lat' dir='ltr'>paraphrasin</span> <span class='ocrx_word' id='word_1_3' title='bbox 359 505 437 570; x_wconf 89' lang='lat' dir='ltr'>dare</span> <span class='ocrx_word' id='word_1_4' title='bbox 454 505 588 572; x_wconf 84' lang='lat' dir='ltr'>volebat</span> <span class='ocrx_word' id='word_1_5' title='bbox 611 504 801 570; x_wconf 85' lang='lat' dir='ltr'>adverbum</span> <span class='ocrx_word' id='word_1_6' title='bbox 826 527 1025 592; x_wconf 83' lang='lat' dir='ltr'>expressam,</span> <span class='ocrx_word' id='word_1_7' title='bbox 1049 527 1121 569; x_wconf 90' lang='lat' dir='ltr'>eam</span> <span class='ocrx_word' id='word_1_8' title='bbox 1138 491 1254 569; x_wconf 87' lang='lat' dir='ltr'>mediis</span> 
     </span>
     <span class='ocr_line' id='line_1_3' title="bbox 111 609 1254 696; baseline 0 -22"><span class='ocrx_word' id='word_1_9' title='bbox 111 612 146 674; x_wconf 91' lang='lat' dir='ltr'>iu</span> <span class='ocrx_word' id='word_1_10' title='bbox 170 611 270 674; x_wconf 90' lang='lat' dir='ltr'>rebus</span> <span class='ocrx_word' id='word_1_11' title='bbox 298 611 532 695; x_wconf 84' lang='lat' dir='ltr'>interrumpat,</span> <span class='ocrx_word' id='word_1_12' title='bbox 565 615 737 695; x_wconf 79' lang='lat' dir='ltr'><strong>postquam</strong></span> <span class='ocrx_word' id='word_1_13' title='bbox 769 631 853 694; x_wconf 90' lang='lat' dir='ltr'>quae</span> <span class='ocrx_word' id='word_1_14' title='bbox 877 609 918 673; x_wconf 88' lang='lat' dir='ltr'>ad</span> <span class='ocrx_word' id='word_1_15' title='bbox 942 611 1111 694; x_wconf 86' lang='lat' dir='ltr'>augustius</span> <span class='ocrx_word' id='word_1_16' title='bbox 1135 632 1254 696; x_wconf 93' lang='lat' dir='ltr'>propo-</span> 
     </span>
     <span class='ocr_line' id='line_1_4' title="bbox 113 713 797 800; baseline 0.004 -22"><span class='ocrx_word' id='word_1_17' title='bbox 113 715 213 778; x_wconf 91' lang='lat' dir='ltr'>situm</span> <span class='ocrx_word' id='word_1_18' title='bbox 237 715 412 800; x_wconf 82' lang='lat' dir='ltr'>pertinent,</span> <span class='ocrx_word' id='word_1_19' title='bbox 438 736 479 779; x_wconf 87' lang='lat' dir='ltr'>ea</span> <span class='ocrx_word' id='word_1_20' title='bbox 502 720 679 780; x_wconf 81' lang='lat' dir='ltr'>exsecutus</span> <span class='ocrx_word' id='word_1_21' title='bbox 704 713 797 798; x_wconf 85' lang='lat' dir='ltr'>est¹).</span> 
     </span>
    </p>

    <p class='ocr_par' dir='ltr' id='par_1_3' title="bbox 111 817 1257 1008">
     <span class='ocr_line' id='line_1_5' title="bbox 202 817 1256 905; baseline -0.001 -23"><span class='ocrx_word' id='word_1_22' title='bbox 202 817 277 883; x_wconf 89' lang='lat' dir='ltr'>Hac</span> <span class='ocrx_word' id='word_1_23' title='bbox 300 819 538 905; x_wconf 88' lang='lat' dir='ltr'>interpretandi</span> <span class='ocrx_word' id='word_1_24' title='bbox 553 821 678 884; x_wconf 90' lang='lat' dir='ltr'>ratione</span> <span class='ocrx_word' id='word_1_25' title='bbox 702 821 779 884; x_wconf 90' lang='lat' dir='ltr'>licet</span> <span class='ocrx_word' id='word_1_26' title='bbox 801 819 944 883; x_wconf 86' lang='lat' dir='ltr'>maximo</span> <span class='ocrx_word' id='word_1_27' title='bbox 969 839 1069 903; x_wconf 90' lang='lat' dir='ltr'>opere</span> <span class='ocrx_word' id='word_1_28' title='bbox 1085 818 1256 882; x_wconf 83' lang='lat' dir='ltr'>evanuerit</span> 
     </span>
     <span class='ocr_line' id='line_1_6' title="bbox 111 921 1257 1008; baseline -0.004 -20"><span class='ocrx_word' id='word_1_29' title='bbox 111 925 261 1008; x_wconf 90' lang='lat' dir='ltr'>genuina</span> <span class='ocrx_word' id='word_1_30' title='bbox 294 925 514 1004; x_wconf 88' lang='lat' dir='ltr'>continuatio,</span> <span class='ocrx_word' id='word_1_31' title='bbox 549 927 652 989; x_wconf 89' lang='lat' dir='ltr'>multa</span> <span class='ocrx_word' id='word_1_32' title='bbox 681 930 791 988; x_wconf 86' lang='lat' dir='ltr'>tamen</span> <span class='ocrx_word' id='word_1_33' title='bbox 813 924 954 1008; x_wconf 85' lang='lat' dir='ltr'>vestigia</span> <span class='ocrx_word' id='word_1_34' title='bbox 978 924 1026 1001; x_wconf 89' lang='lat' dir='ltr'>ei,</span> <span class='ocrx_word' id='word_1_35' title='bbox 1060 922 1115 1007; x_wconf 93' lang='lat' dir='ltr'>qui</span> <span class='ocrx_word' id='word_1_36' title='bbox 1145 921 1257 984; x_wconf 87' lang='lat' dir='ltr'>dedita</span> 
     </span>
    </p>
   </div>
   <div class='ocr_carea' id='block_1_3' title="bbox 112 1027 1149 1218">
    <p class='ocr_par' dir='ltr' id='par_1_4' title="bbox 112 1027 1149 1218">
     <span class='ocr_line' id='line_1_7' title="bbox 112 1027 966 1114; baseline -0.004 -23"><span class='ocrx_word' id='word_1_37' title='bbox 112 1050 217 1113; x_wconf 89' lang='lat' dir='ltr'>opera</span> <span class='ocrx_word' id='word_1_38' title='bbox 239 1050 311 1093; x_wconf 91' lang='lat' dir='ltr'>rem</span> <span class='ocrx_word' id='word_1_39' title='bbox 333 1035 555 1114; x_wconf 88' lang='lat' dir='ltr'>perscrutatus</span> <span class='ocrx_word' id='word_1_40' title='bbox 579 1030 649 1109; x_wconf 90' lang='lat' dir='ltr'>erit,</span> <span class='ocrx_word' id='word_1_41' title='bbox 674 1028 849 1111; x_wconf 81' lang='lat' dir='ltr'>conspicua</span> <span class='ocrx_word' id='word_1_42' title='bbox 870 1027 966 1089; x_wconf 84' lang='lat' dir='ltr'>fient:</span> 
     </span>
     <span class='ocr_line' id='line_1_8' title="bbox 202 1128 1149 1218; baseline -0.004 -22"><span class='ocrx_word' id='word_1_43' title='bbox 202 1132 256 1196; x_wconf 88' lang='lat' dir='ltr'>Ad</span> <span class='ocrx_word' id='word_1_44' title='bbox 279 1131 329 1197; x_wconf 91' lang='lat' dir='ltr'>Id.</span> <span class='ocrx_word' id='word_1_45' title='bbox 352 1130 369 1194; x_wconf 89' lang='lat' dir='ltr'>I</span> <span class='ocrx_word' id='word_1_46' title='bbox 392 1134 433 1195; x_wconf 78' lang='lat'>92</span> <span class='ocrx_word' id='word_1_47' title='bbox 456 1139 488 1196; x_wconf 89' lang='lat' dir='ltr'>et</span> <span class='ocrx_word' id='word_1_48' title='bbox 511 1135 551 1196; x_wconf 80' lang='lat'>93</span> <span class='ocrx_word' id='word_1_49' title='bbox 574 1133 713 1218; x_wconf 90' lang='lat' dir='ltr'>legimus</span> <span class='ocrx_word' id='word_1_50' title='bbox 736 1133 770 1195; x_wconf 91' lang='lat' dir='ltr'>in</span> <span class='ocrx_word' id='word_1_51' title='bbox 794 1131 927 1194; x_wconf 86' lang='lat' dir='ltr'>scholiis</span> <span class='ocrx_word' id='word_1_52' title='bbox 951 1128 1002 1214; x_wconf 86' lang='lat' dir='ltr'>(Z.</span> <span class='ocrx_word' id='word_1_53' title='bbox 1026 1151 1057 1213; x_wconf 94' lang='lat' dir='ltr'>p.</span> <span class='ocrx_word' id='word_1_54' title='bbox 1077 1128 1149 1214; x_wconf 81' lang='grc'>15);</span> 
     </span>
    </p>
   </div>
   <div class='ocr_carea' id='block_1_4' title="bbox 113 1226 1258 2155">
    <p class='ocr_par' dir='ltr' id='par_1_5' title="bbox 113 1226 1257 1426">
     <span class='ocr_line' id='line_1_9' title="bbox 204 1226 1257 1319; baseline 0 -21"><span class='ocrx_word' id='word_1_55' title='bbox 204 1239 257 1299; x_wconf 78' lang='grc'>92.</span> <span class='ocrx_word' id='word_1_56' title='bbox 284 1251 339 1311; x_wconf 76' lang='grc' dir='ltr'><strong><em>τος</em></strong></span> <span class='ocrx_word' id='word_1_57' title='bbox 353 1248 381 1302; x_wconf 80' lang='grc' dir='ltr'>δ’</span> <span class='ocrx_word' id='word_1_58' title='bbox 394 1249 487 1305; x_wconf 69' lang='grc' dir='ltr'><strong><em>οὐδέν·</em></strong></span> <span class='ocrx_word' id='word_1_59' title='bbox 517 1231 620 1314; x_wconf 74' lang='grc' dir='ltr'><strong><em>οὕτως</em></strong></span> <span class='ocrx_word' id='word_1_60' title='bbox 642 1230 816 1314; x_wconf 81' lang='grc' dir='ltr'><strong><em>εἰπόντων,</em></strong></span> <span class='ocrx_word' id='word_1_61' title='bbox 846 1226 939 1299; x_wconf 73' lang='grc' dir='ltr'><strong><em>οὐδέν</em></strong></span> <span class='ocrx_word' id='word_1_62' title='bbox 960 1258 993 1298; x_wconf 85' lang='grc' dir='ltr'>τι</span> <span class='ocrx_word' id='word_1_63' title='bbox 1016 1226 1257 1319; x_wconf 65' lang='lat' dir='ltr'>inrupissent</span> 
     </span>
     <span class='ocr_line' id='line_1_10' title="bbox 113 1331 557 1426; baseline 0 -22"><span class='ocrx_word' id='word_1_64' title='bbox 113 1334 255 1426; x_wconf 79' lang='grc' dir='ltr'><em>Δάφνις,</em></span> <span class='ocrx_word' id='word_1_65' title='bbox 280 1331 366 1404; x_wconf 73' lang='grc' dir='ltr'>ἀλλ’</span> <span class='ocrx_word' id='word_1_66' title='bbox 392 1334 557 1404; x_wconf 74' lang='grc' dir='ltr'><strong><em>ἐσιώπα.</em></strong></span> 
     </span>
    </p>

    <p class='ocr_par' dir='ltr' id='par_1_6' title="bbox 114 1437 1256 1634">
     <span class='ocr_line' id='line_1_11' title="bbox 205 1437 1256 1531; baseline 0.002 -25"><span class='ocrx_word' id='word_1_67' title='bbox 205 1446 256 1508; x_wconf 83' lang='grc'>93.</span> <span class='ocrx_word' id='word_1_68' title='bbox 283 1461 384 1529; x_wconf 62' lang='lat' dir='ltr'>mmor</span> <span class='ocrx_word' id='word_1_69' title='bbox 406 1457 506 1531; x_wconf 67' lang='grc' dir='ltr'><strong><em>ἔρωτι·</em></strong></span> <span class='ocrx_word' id='word_1_70' title='bbox 534 1437 615 1508; x_wconf 78' lang='grc' dir='ltr'><strong><em>ἀλλὰ</em></strong></span> <span class='ocrx_word' id='word_1_71' title='bbox 644 1439 701 1509; x_wconf 87' lang='grc' dir='ltr'>τὸν</span> <span class='ocrx_word' id='word_1_72' title='bbox 731 1443 833 1508; x_wconf 75' lang='grc' dir='ltr'><strong><em>αὐτοῦ</em></strong></span> <span class='ocrx_word' id='word_1_73' title='bbox 859 1437 964 1527; x_wconf 69' lang='grc' dir='ltr'><strong><em>ἔρωτα</em></strong></span> <span class='ocrx_word' id='word_1_74' title='bbox 987 1438 1138 1527; x_wconf 76' lang='grc' dir='ltr'><strong><em>ἐπέραινε</em></strong></span> <span class='ocrx_word' id='word_1_75' title='bbox 1159 1439 1216 1508; x_wconf 83' lang='grc' dir='ltr'>καὶ</span> <span class='ocrx_word' id='word_1_76' title='bbox 1229 1441 1256 1528; x_wconf 66' lang='grc'>2)</span> 
     </span>
     <span class='ocr_line' id='line_1_12' title="bbox 114 1542 657 1634; baseline 0.004 -23"><span class='ocrx_word' id='word_1_77' title='bbox 114 1542 229 1634; x_wconf 82' lang='grc' dir='ltr'><strong><em>διῆνοε</em></strong></span> <span class='ocrx_word' id='word_1_78' title='bbox 251 1545 346 1632; x_wconf 79' lang='grc' dir='ltr'><strong><em>μέχρι</em></strong></span> <span class='ocrx_word' id='word_1_79' title='bbox 368 1545 425 1612; x_wconf 77' lang='grc' dir='ltr'>καὶ</span> <span class='ocrx_word' id='word_1_80' title='bbox 448 1548 508 1634; x_wconf 85' lang='grc' dir='ltr'><strong><em>τῆς</em></strong></span> <span class='ocrx_word' id='word_1_81' title='bbox 528 1544 657 1633; x_wconf 85' lang='grc' dir='ltr'><strong><em>μοίρας.</em></strong></span> 
     </span>
    </p>

    <p class='ocr_par' dir='ltr' id='par_1_7' title="bbox 114 1650 1258 2155">
     <span class='ocr_line' id='line_1_13' title="bbox 203 1650 1257 1738; baseline -0.002 -24"><span class='ocrx_word' id='word_1_82' title='bbox 203 1651 299 1715; x_wconf 87' lang='lat' dir='ltr'>Haec</span> <span class='ocrx_word' id='word_1_83' title='bbox 322 1653 423 1717; x_wconf 87' lang='lat' dir='ltr'>verba</span> <span class='ocrx_word' id='word_1_84' title='bbox 453 1654 586 1738; x_wconf 83' lang='lat' dir='ltr'>egregie</span> <span class='ocrx_word' id='word_1_85' title='bbox 611 1653 802 1730; x_wconf 86' lang='lat' dir='ltr'>ostendunt,</span> <span class='ocrx_word' id='word_1_86' title='bbox 837 1672 901 1736; x_wconf 89' lang='lat' dir='ltr'>qua</span> <span class='ocrx_word' id='word_1_87' title='bbox 931 1651 1057 1714; x_wconf 87' lang='lat' dir='ltr'>ratione</span> <span class='ocrx_word' id='word_1_88' title='bbox 1082 1650 1257 1714; x_wconf 84' lang='lat' dir='ltr'>scholiasta</span> 
     </span>
     <span class='ocr_line' id='line_1_14' title="bbox 115 1753 1256 1839; baseline -0.004 -19"><span class='ocrx_word' id='word_1_89' title='bbox 115 1756 295 1839; x_wconf 83' lang='lat' dir='ltr'>genuinam</span> <span class='ocrx_word' id='word_1_90' title='bbox 324 1757 599 1822; x_wconf 86' lang='lat' dir='ltr'>continuationem</span> <span class='ocrx_word' id='word_1_91' title='bbox 624 1755 813 1820; x_wconf 84' lang='lat' dir='ltr'>dissolverit.</span> <span class='ocrx_word' id='word_1_92' title='bbox 859 1755 943 1818; x_wconf 88' lang='lat' dir='ltr'>Nam</span> <span class='ocrx_word' id='word_1_93' title='bbox 971 1753 1053 1818; x_wconf 91' lang='lat' dir='ltr'>haec</span> <span class='ocrx_word' id='word_1_94' title='bbox 1083 1755 1158 1817; x_wconf 94' lang='lat' dir='ltr'>olim</span> <span class='ocrx_word' id='word_1_95' title='bbox 1187 1754 1256 1816; x_wconf 90' lang='lat' dir='ltr'>sine</span> 
     </span>
     <span class='ocr_line' id='line_1_15' title="bbox 115 1849 1257 1945; baseline -0.002 -24"><span class='ocrx_word' id='word_1_96' title='bbox 115 1859 215 1922; x_wconf 89' lang='lat' dir='ltr'>dubio</span> <span class='ocrx_word' id='word_1_97' title='bbox 239 1859 348 1923; x_wconf 83' lang='lat' dir='ltr'>suerat</span> <span class='ocrx_word' id='word_1_98' title='bbox 371 1860 609 1945; x_wconf 86' lang='lat' dir='ltr'>paraphraseos</span> <span class='ocrx_word' id='word_1_99' title='bbox 632 1860 752 1923; x_wconf 91' lang='lat' dir='ltr'>forma:</span> <span class='ocrx_word' id='word_1_100' title='bbox 784 1853 888 1936; x_wconf 64' lang='grc' dir='ltr'><strong><em>οὕτως</em></strong></span> <span class='ocrx_word' id='word_1_101' title='bbox 911 1852 1085 1935; x_wconf 78' lang='grc' dir='ltr'><em>εἰπόντων,</em></span> <span class='ocrx_word' id='word_1_102' title='bbox 1110 1849 1202 1922; x_wconf 76' lang='grc' dir='ltr'><strong><em>οὐδέν</em></strong></span> <span class='ocrx_word' id='word_1_103' title='bbox 1223 1880 1257 1920; x_wconf 84' lang='grc' dir='ltr'>τι</span> 
     </span>
     <span class='ocr_line' id='line_1_16' title="bbox 115 1955 1258 2052; baseline -0.002 -25"><span class='ocrx_word' id='word_1_104' title='bbox 115 1956 322 2048; x_wconf 77' lang='grc' dir='ltr'><strong><em>ἀπεκρίνατο</em></strong></span> <span class='ocrx_word' id='word_1_105' title='bbox 345 1958 516 2049; x_wconf 82' lang='grc' dir='ltr'><strong><em>ὁΔάφνις,</em></strong></span> <span class='ocrx_word' id='word_1_106' title='bbox 540 1956 623 2027; x_wconf 79' lang='grc' dir='ltr'><strong><em>ἀλλὰ</em></strong></span> <span class='ocrx_word' id='word_1_107' title='bbox 637 1957 696 2028; x_wconf 88' lang='grc' dir='ltr'>τὸν</span> <span class='ocrx_word' id='word_1_108' title='bbox 720 1955 821 2028; x_wconf 78' lang='grc' dir='ltr'><strong><em>αὐτοῦ</em></strong></span> <span class='ocrx_word' id='word_1_109' title='bbox 835 1955 972 2045; x_wconf 78' lang='grc' dir='ltr'><strong><em>(πικρὸν</em></strong></span> <span class='ocrx_word' id='word_1_110' title='bbox 983 1960 1023 2045; x_wconf 72' lang='grc'>3))</span> <span class='ocrx_word' id='word_1_111' title='bbox 1051 1955 1156 2044; x_wconf 74' lang='grc' dir='ltr'><strong><em>ἔρωτα</em></strong></span> <span class='ocrx_word' id='word_1_112' title='bbox 1179 1957 1258 2052; x_wconf 66' lang='grc' dir='ltr'>ἔντε’·-</span> 
     </span>
     <span class='ocr_line' id='line_1_17' title="bbox 114 2060 1258 2155; baseline -0.001 -24"><span class='ocrx_word' id='word_1_113' title='bbox 114 2091 207 2150; x_wconf 86' lang='grc' dir='ltr'><strong><em>ραινε</em></strong></span> <span class='ocrx_word' id='word_1_114' title='bbox 229 2064 288 2131; x_wconf 81' lang='grc' dir='ltr'>καὶ</span> <span class='ocrx_word' id='word_1_115' title='bbox 313 2060 423 2154; x_wconf 81' lang='grc' dir='ltr'><strong><em>ὁιῆνοε</em></strong></span> <span class='ocrx_word' id='word_1_116' title='bbox 444 2065 538 2152; x_wconf 80' lang='grc' dir='ltr'><strong><em>μέχρι</em></strong></span> <span class='ocrx_word' id='word_1_117' title='bbox 560 2068 620 2155; x_wconf 87' lang='grc' dir='ltr'><strong><em>τῆς</em></strong></span> <span class='ocrx_word' id='word_1_118' title='bbox 641 2062 762 2151; x_wconf 87' lang='grc' dir='ltr'><strong><em>μοίρας</em></strong></span> <span class='ocrx_word' id='word_1_119' title='bbox 789 2066 829 2130; x_wconf 85' lang='lat' dir='ltr'>ad</span> <span class='ocrx_word' id='word_1_120' title='bbox 858 2065 1155 2133; x_wconf 83' lang='lat' dir='ltr'>circumscribendo</span> <span class='ocrx_word' id='word_1_121' title='bbox 1175 2064 1258 2130; x_wconf 83' lang='lat' dir='ltr'>haee</span> 
     </span>
    </p>
   </div>
   <div class='ocr_carea' id='block_1_5' title="bbox 113 2172 1257 2636">
    <p class='ocr_par' dir='ltr' id='par_1_8' title="bbox 114 2172 378 2256">
     <span class='ocr_line' id='line_1_18' title="bbox 114 2172 378 2256; baseline -0.008 -21"><span class='ocrx_word' id='word_1_122' title='bbox 114 2177 237 2256; x_wconf 92' lang='lat' dir='ltr'>poetae</span> <span class='ocrx_word' id='word_1_123' title='bbox 262 2172 378 2234; x_wconf 86' lang='lat' dir='ltr'>verba:</span> 
     </span>
    </p>

    <p class='ocr_par' dir='ltr' id='par_1_9' title="bbox 293 2268 1100 2342">
     <span class='ocr_line' id='line_1_19' title="bbox 293 2268 1100 2342; baseline 0 -18"><span class='ocrx_word' id='word_1_124' title='bbox 293 2271 346 2330; x_wconf 76' lang='grc' dir='ltr'><strong><em>τώς</em></strong></span> <span class='ocrx_word' id='word_1_125' title='bbox 363 2268 390 2322; x_wconf 72' lang='grc' dir='ltr'>δ’</span> <span class='ocrx_word' id='word_1_126' title='bbox 410 2268 490 2324; x_wconf 68' lang='grc' dir='ltr'><strong><em>οὐδὲν</em></strong></span> <span class='ocrx_word' id='word_1_127' title='bbox 508 2273 667 2333; x_wconf 75' lang='grc' dir='ltr'><strong><em>ποτελέξτιθ’</em></strong></span> <span class='ocrx_word' id='word_1_128' title='bbox 686 2274 701 2326; x_wconf 90' lang='lat' dir='ltr'>o‘</span> <span class='ocrx_word' id='word_1_129' title='bbox 719 2273 853 2342; x_wconf 78' lang='grc' dir='ltr'><strong><em>βουκόλος,</em></strong></span> <span class='ocrx_word' id='word_1_130' title='bbox 873 2268 942 2326; x_wconf 69' lang='grc' dir='ltr'>ἀλλά</span> <span class='ocrx_word' id='word_1_131' title='bbox 958 2272 1007 2326; x_wconf 85' lang='grc' dir='ltr'>τὸν</span> <span class='ocrx_word' id='word_1_132' title='bbox 1026 2269 1100 2324; x_wconf 74' lang='grc' dir='ltr'>αὐτῶ</span> 
     </span>
    </p>

    <p class='ocr_par' dir='ltr' id='par_1_10' title="bbox 113 2355 1257 2636">
     <span class='ocr_line' id='line_1_20' title="bbox 294 2355 987 2429; baseline 0.006 -21"><span class='ocrx_word' id='word_1_133' title='bbox 294 2355 360 2412; x_wconf 73' lang='grc' dir='ltr'><strong><em>ἄνυε</em></strong></span> <span class='ocrx_word' id='word_1_134' title='bbox 377 2359 475 2428; x_wconf 81' lang='grc' dir='ltr'><strong><em>πικρόν</em></strong></span> <span class='ocrx_word' id='word_1_135' title='bbox 492 2358 581 2428; x_wconf 83' lang='grc' dir='ltr'><strong><em>ἔρωτα</em></strong></span> <span class='ocrx_word' id='word_1_136' title='bbox 598 2359 642 2412; x_wconf 83' lang='grc' dir='ltr'>καὶ</span> <span class='ocrx_word' id='word_1_137' title='bbox 662 2361 689 2420; x_wconf 81' lang='grc' dir='ltr'><strong><em>ἐς</em></strong></span> <span class='ocrx_word' id='word_1_138' title='bbox 707 2362 781 2420; x_wconf 80' lang='grc' dir='ltr'><em>τέλος</em></span> <span class='ocrx_word' id='word_1_139' title='bbox 799 2357 865 2412; x_wconf 74' lang='grc' dir='ltr'><strong><em>ἄνυε</em></strong></span> <span class='ocrx_word' id='word_1_140' title='bbox 881 2359 987 2429; x_wconf 79' lang='grc' dir='ltr'><strong><em>μοίρας.</em></strong></span> 
     </span>
     <span class='ocr_line' id='line_1_21' title="bbox 117 2445 1257 2532; baseline -0.002 -22"><span class='ocrx_word' id='word_1_141' title='bbox 117 2447 307 2510; x_wconf 81' lang='lat' dir='ltr'>Scholiasta</span> <span class='ocrx_word' id='word_1_142' title='bbox 320 2452 430 2510; x_wconf 88' lang='lat' dir='ltr'>autem</span> <span class='ocrx_word' id='word_1_143' title='bbox 448 2468 498 2527; x_wconf 89' lang='lat' dir='ltr'>ea,</span> <span class='ocrx_word' id='word_1_144' title='bbox 522 2469 619 2531; x_wconf 86' lang='lat' dir='ltr'>quam</span> <span class='ocrx_word' id='word_1_145' title='bbox 643 2469 741 2532; x_wconf 87' lang='lat' dir='ltr'>supra</span> <span class='ocrx_word' id='word_1_146' title='bbox 757 2449 982 2532; x_wconf 86' lang='lat' dir='ltr'>exposuimus,</span> <span class='ocrx_word' id='word_1_147' title='bbox 1006 2468 1119 2510; x_wconf 84' lang='lat' dir='ltr'>norma</span> <span class='ocrx_word' id='word_1_148' title='bbox 1141 2445 1257 2509; x_wconf 88' lang='lat' dir='ltr'>ductus</span> 
     </span>
     <span class='ocr_line' id='line_1_22' title="bbox 113 2549 1257 2636; baseline 0 -24"><span class='ocrx_word' id='word_1_149' title='bbox 113 2570 216 2612; x_wconf 92' lang='lat' dir='ltr'>unum</span> <span class='ocrx_word' id='word_1_150' title='bbox 247 2549 312 2612; x_wconf 92' lang='lat' dir='ltr'>hoc</span> <span class='ocrx_word' id='word_1_151' title='bbox 344 2550 546 2613; x_wconf 89' lang='lat' dir='ltr'>enuntiatum</span> <span class='ocrx_word' id='word_1_152' title='bbox 580 2551 613 2614; x_wconf 95' lang='lat' dir='ltr'>in</span> <span class='ocrx_word' id='word_1_153' title='bbox 646 2551 725 2615; x_wconf 84' lang='lat' dir='ltr'>duas</span> <span class='ocrx_word' id='word_1_154' title='bbox 762 2557 873 2635; x_wconf 88' lang='lat' dir='ltr'>partes</span> <span class='ocrx_word' id='word_1_155' title='bbox 904 2551 1091 2636; x_wconf 87' lang='lat' dir='ltr'>discerpsit,</span> <span class='ocrx_word' id='word_1_156' title='bbox 1122 2571 1257 2634; x_wconf 88' lang='lat' dir='ltr'>quarum</span> 
     </span>
    </p>
   </div>
   <div class='ocr_carea' id='block_1_6' title="bbox 113 2691 1259 4152">
    <p class='ocr_par' dir='ltr' id='par_1_11' title="bbox 113 2691 1259 3031">
     <span class='ocr_line' id='line_1_23' title="bbox 113 2691 1257 2776; baseline -0.001 -20"><span class='ocrx_word' id='word_1_157' title='bbox 113 2703 163 2756; x_wconf 80' lang='grc' dir='ltr'>τόν</span> <span class='ocrx_word' id='word_1_158' title='bbox 176 2698 232 2754; x_wconf 75' lang='lat' dir='ltr'>rino</span> <span class='ocrx_word' id='word_1_159' title='bbox 246 2702 349 2770; x_wconf 81' lang='grc' dir='ltr'><strong><em>Λιβύης</em></strong></span> <span class='ocrx_word' id='word_1_160' title='bbox 361 2703 473 2776; x_wconf 87' lang='grc' dir='ltr'><strong><em>Χρόμιν,</em></strong></span> <span class='ocrx_word' id='word_1_161' title='bbox 488 2691 554 2772; x_wconf 78' lang='grc' dir='ltr'>αἷμά</span> <span class='ocrx_word' id='word_1_162' title='bbox 567 2721 611 2755; x_wconf 89' lang='grc' dir='ltr'>σοι</span> <span class='ocrx_word' id='word_1_163' title='bbox 624 2703 711 2756; x_wconf 73' lang='grc' dir='ltr'><em>δώσω.</em></span> <span class='ocrx_word' id='word_1_164' title='bbox 738 2705 872 2773; x_wconf 84' lang='lat' dir='ltr'>Sequitur</span> <span class='ocrx_word' id='word_1_165' title='bbox 888 2705 988 2758; x_wconf 91' lang='lat' dir='ltr'>deinde</span> <span class='ocrx_word' id='word_1_166' title='bbox 1001 2703 1137 2758; x_wconf 87' lang='lat' dir='ltr'>scholium</span> <span class='ocrx_word' id='word_1_167' title='bbox 1150 2704 1185 2756; x_wconf 88' lang='lat' dir='ltr'>ad</span> <span class='ocrx_word' id='word_1_168' title='bbox 1197 2721 1257 2758; x_wconf 86' lang='lat' dir='ltr'>voe.</span> 
     </span>
     <span class='ocr_line' id='line_1_24' title="bbox 115 2776 1258 2860; baseline 0.001 -21"><span class='ocrx_word' id='word_1_169' title='bbox 115 2788 345 2858; x_wconf 75' lang='grc' dir='ltr'><strong><em>διελυμιιτόνιον</em></strong></span> <span class='ocrx_word' id='word_1_170' title='bbox 363 2789 519 2857; x_wconf 81' lang='lat' dir='ltr'>pertinens:</span> <span class='ocrx_word' id='word_1_171' title='bbox 544 2788 614 2860; x_wconf 78' lang='grc' dir='ltr'><strong><em>φασὶ</em></strong></span> <span class='ocrx_word' id='word_1_172' title='bbox 633 2789 663 2841; x_wconf 78' lang='grc' dir='ltr'>δὲ</span> <span class='ocrx_word' id='word_1_173' title='bbox 682 2790 730 2849; x_wconf 80' lang='grc' dir='ltr'><strong><em>τιὶς</em></strong></span> <span class='ocrx_word' id='word_1_174' title='bbox 746 2791 911 2849; x_wconf 74' lang='grc' dir='ltr'><strong><em>πολυτόκους</em></strong></span> <span class='ocrx_word' id='word_1_175' title='bbox 929 2789 973 2842; x_wconf 83' lang='grc' dir='ltr'>καὶ</span> <span class='ocrx_word' id='word_1_176' title='bbox 992 2790 1161 2858; x_wconf 79' lang='grc' dir='ltr'><strong><em>πολυχύλους</em></strong></span> <span class='ocrx_word' id='word_1_177' title='bbox 1180 2776 1258 2854; x_wconf 72' lang='grc' dir='ltr'><strong><em>εἶναι,</em></strong></span> 
     </span>
     <span class='ocr_line' id='line_1_25' title="bbox 115 2872 1259 2948; baseline 0.001 -22"><span class='ocrx_word' id='word_1_178' title='bbox 115 2872 203 2942; x_wconf 77' lang='grc' dir='ltr'><strong><em>ῆμουν</em></strong></span> <span class='ocrx_word' id='word_1_179' title='bbox 221 2874 450 2942; x_wconf 79' lang='grc' dir='ltr'><strong><em>πολιγυλάκτους.</em></strong></span> <span class='ocrx_word' id='word_1_180' title='bbox 486 2876 529 2930; x_wconf 81' lang='lat'>25.</span> <span class='ocrx_word' id='word_1_181' title='bbox 549 2874 796 2946; x_wconf 74' lang='grc' dir='ltr'><strong><em>Διδυμιιτόκονε</em></strong></span> <span class='ocrx_word' id='word_1_182' title='bbox 821 2875 922 2946; x_wconf 72' lang='grc' dir='ltr'><strong><em>δίδυμα</em></strong></span> <span class='ocrx_word' id='word_1_183' title='bbox 946 2877 1087 2929; x_wconf 75' lang='grc' dir='ltr'><strong><em>τετοκυῖαν</em></strong></span> <span class='ocrx_word' id='word_1_184' title='bbox 1109 2875 1136 2935; x_wconf 80' lang='grc' dir='ltr'><strong><em>ἐς</em></strong></span> <span class='ocrx_word' id='word_1_185' title='bbox 1154 2875 1185 2928; x_wconf 79' lang='grc' dir='ltr'>τό</span> <span class='ocrx_word' id='word_1_186' title='bbox 1203 2873 1259 2948; x_wconf 85' lang='grc' dir='ltr'><strong><em>τρὶς</em></strong></span> 
     </span>
     <span class='ocr_line' id='line_1_26' title="bbox 117 2957 855 3031; baseline 0.004 -20"><span class='ocrx_word' id='word_1_187' title='bbox 117 2957 247 3030; x_wconf 78' lang='grc' dir='ltr'><strong><em>ιῖμέλξιιι·</em></strong></span> <span class='ocrx_word' id='word_1_188' title='bbox 264 2961 334 3012; x_wconf 83' lang='grc' dir='ltr'><strong><em>πολυ</em></strong></span> <span class='ocrx_word' id='word_1_189' title='bbox 351 2961 405 3031; x_wconf 76' lang='grc' dir='ltr'>γιέρ</span> <span class='ocrx_word' id='word_1_190' title='bbox 424 2981 490 3030; x_wconf 64' lang='lat' dir='ltr'>spor</span> <span class='ocrx_word' id='word_1_191' title='bbox 492 2978 519 3013; x_wconf 90' lang='grc' dir='ltr'>σι</span> <span class='ocrx_word' id='word_1_192' title='bbox 536 2961 653 3030; x_wconf 72' lang='grc' dir='ltr'><strong><em>γάλα’</em></strong></span> <span class='ocrx_word' id='word_1_193' title='bbox 627 2983 652 3015; x_wconf 92' lang='grc' dir='ltr'>οι</span> <span class='ocrx_word' id='word_1_194' title='bbox 671 2962 855 3032; x_wconf 74' lang='grc' dir='ltr'><strong><em>διδυμοτόκοι.</em></strong></span> 
     </span>
    </p>

    <p class='ocr_par' dir='ltr' id='par_1_12' title="bbox 116 3003 1259 3634">
     <span class='ocr_line' id='line_1_27' title="bbox 206 3003 1259 3118; baseline 0 -18"><span class='ocrx_word' id='word_1_195' title='bbox 206 3046 302 3116; x_wconf 78' lang='lat' dir='ltr'>¹)0fr.</span> <span class='ocrx_word' id='word_1_196' title='bbox 321 3045 443 3101; x_wconf 80' lang='lat' dir='ltr'>Scholl</span> <span class='ocrx_word' id='word_1_197' title='bbox 431 3048 538 3101; x_wconf 76' lang='grc' dir='ltr'>Ιι1.ἮΙ</span> <span class='ocrx_word' id='word_1_198' title='bbox 558 3048 608 3102; x_wconf 83' lang='lat'>115</span> <span class='ocrx_word' id='word_1_199' title='bbox 632 3049 670 3114; x_wconf 85' lang='lat' dir='ltr'>(Z.</span> <span class='ocrx_word' id='word_1_200' title='bbox 690 3050 788 3117; x_wconf 83' lang='lat' dir='ltr'>p.59):</span> <span class='ocrx_word' id='word_1_201' title='bbox 818 3048 855 3099; x_wconf 79' lang='lat' dir='ltr'>Tri</span> <span class='ocrx_word' id='word_1_202' title='bbox 878 3048 950 3117; x_wconf 82' lang='grc' dir='ltr'><strong><em>ἑξῆς·</em></strong></span> <span class='ocrx_word' id='word_1_203' title='bbox 972 3049 1061 3118; x_wconf 71' lang='grc' dir='ltr'><strong><em>ὑμεῖς,</em></strong></span> <span class='ocrx_word' id='word_1_204' title='bbox 1087 3049 1109 3101; x_wconf 86' lang='grc' dir='ltr'>ω’</span> <span class='ocrx_word' id='word_1_205' title='bbox 1131 3003 1259 3118; x_wconf 79' lang='grc' dir='ltr'>μήλοισιν</span> 
     </span>
     <span class='ocr_line' id='line_1_28' title="bbox 116 3131 1259 3204; baseline -0.001 -18"><span class='ocrx_word' id='word_1_206' title='bbox 116 3133 179 3202; x_wconf 81' lang='grc' dir='ltr'><strong><em>ἐρευ</em></strong></span> <span class='ocrx_word' id='word_1_207' title='bbox 175 3133 378 3200; x_wconf 67' lang='lat' dir='ltr'>uouinorow‘</span> <span class='ocrx_word' id='word_1_208' title='bbox 361 3133 454 3203; x_wconf 82' lang='grc' dir='ltr'><strong><em>ομοΐοι</em></strong></span> <span class='ocrx_word' id='word_1_209' title='bbox 459 3131 578 3203; x_wconf 81' lang='grc' dir='ltr'><strong><em>Ἔρωτες,</em></strong></span> <span class='ocrx_word' id='word_1_210' title='bbox 589 3132 703 3192; x_wconf 56' lang='lat' dir='ltr'>&#39;refluos</span> <span class='ocrx_word' id='word_1_211' title='bbox 714 3132 759 3186; x_wconf 80' lang='grc' dir='ltr'>καὶ</span> <span class='ocrx_word' id='word_1_212' title='bbox 771 3141 807 3186; x_wconf 82' lang='lat' dir='ltr'>Bo</span> <span class='ocrx_word' id='word_1_213' title='bbox 803 3133 944 3202; x_wconf 29' lang='grc' dir='ltr'><strong><em>Νβλίδος</em></strong></span> <span class='ocrx_word' id='word_1_214' title='bbox 909 3154 985 3204; x_wconf 83' lang='grc' dir='ltr'><strong><em>ναμιι</em></strong></span> <span class='ocrx_word' id='word_1_215' title='bbox 997 3135 1128 3200; x_wconf 77' lang='grc' dir='ltr'><strong><em>λιπόντες,</em></strong></span> <span class='ocrx_word' id='word_1_216' title='bbox 1147 3154 1203 3187; x_wconf 88' lang='grc' dir='ltr'>και</span> <span class='ocrx_word' id='word_1_217' title='bbox 1220 3135 1259 3187; x_wconf 79' lang='grc' dir='ltr'>τιὶ</span> 
     </span>
     <span class='ocr_line' id='line_1_29' title="bbox 116 3218 1259 3290; baseline 0.002 -18"><span class='ocrx_word' id='word_1_218' title='bbox 116 3219 203 3288; x_wconf 82' lang='grc' dir='ltr'><strong><em>ἑξῆς,</em></strong></span> <span class='ocrx_word' id='word_1_219' title='bbox 229 3218 383 3290; x_wconf 70' lang='grc' dir='ltr'><strong><em>ἐρασθῆναι</em></strong></span> <span class='ocrx_word' id='word_1_220' title='bbox 404 3219 536 3288; x_wconf 80' lang='grc' dir='ltr'><strong><em>ποιήσατε</em></strong></span> <span class='ocrx_word' id='word_1_221' title='bbox 561 3219 609 3272; x_wconf 82' lang='grc' dir='ltr'>τόν</span> <span class='ocrx_word' id='word_1_222' title='bbox 633 3221 749 3272; x_wconf 76' lang='grc' dir='ltr'><strong><em>Φιλῖνον.</em></strong></span> <span class='ocrx_word' id='word_1_223' title='bbox 777 3251 810 3260; x_wconf 90' lang='lat'>-—</span> <span class='ocrx_word' id='word_1_224' title='bbox 835 3221 924 3275; x_wconf 85' lang='lat' dir='ltr'>Schol.</span> <span class='ocrx_word' id='word_1_225' title='bbox 951 3222 990 3274; x_wconf 90' lang='lat' dir='ltr'>Id.</span> <span class='ocrx_word' id='word_1_226' title='bbox 1009 3221 1062 3275; x_wconf 87' lang='lat' dir='ltr'>VII</span> <span class='ocrx_word' id='word_1_227' title='bbox 1080 3223 1113 3274; x_wconf 86' lang='grc'>99</span> <span class='ocrx_word' id='word_1_228' title='bbox 1138 3222 1213 3288; x_wconf 87' lang='lat' dir='ltr'>(Ahr.</span> <span class='ocrx_word' id='word_1_229' title='bbox 1232 3222 1259 3274; x_wconf 90' lang='grc' dir='ltr'>ΙΙ</span> 
     </span>
     <span class='ocr_line' id='line_1_30' title="bbox 116 3291 1259 3378; baseline 0 -20"><span class='ocrx_word' id='word_1_230' title='bbox 116 3325 144 3374; x_wconf 90' lang='lat' dir='ltr'>p.</span> <span class='ocrx_word' id='word_1_231' title='bbox 156 3307 218 3371; x_wconf 73' lang='lat'>268,</span> <span class='ocrx_word' id='word_1_232' title='bbox 231 3306 287 3372; x_wconf 85' lang='lat'>15):</span> <span class='ocrx_word' id='word_1_233' title='bbox 310 3291 406 3358; x_wconf 75' lang='grc' dir='ltr'><strong><em>Οἶδεν</em></strong></span> <span class='ocrx_word' id='word_1_234' title='bbox 418 3302 581 3376; x_wconf 70' lang='grc' dir='ltr'><strong><em>’Ἀριστιςῑ</em></strong></span> <span class='ocrx_word' id='word_1_235' title='bbox 605 3305 639 3358; x_wconf 71' lang='grc' dir='ltr'>τὰ</span> <span class='ocrx_word' id='word_1_236' title='bbox 656 3305 718 3376; x_wconf 82' lang='grc' dir='ltr'><strong><em>περὶ</em></strong></span> <span class='ocrx_word' id='word_1_237' title='bbox 735 3303 881 3378; x_wconf 77' lang='grc' dir='ltr'><strong><em>Ἀρίστιδος</em></strong></span> <span class='ocrx_word' id='word_1_238' title='bbox 898 3306 943 3357; x_wconf 69' lang='grc' dir='ltr'>διὰ</span> <span class='ocrx_word' id='word_1_239' title='bbox 961 3309 1048 3377; x_wconf 82' lang='grc' dir='ltr'><strong><em>μέσον</em></strong></span> <span class='ocrx_word' id='word_1_240' title='bbox 1066 3308 1160 3360; x_wconf 82' lang='grc' dir='ltr'><strong><em>κεῖται.</em></strong></span> <span class='ocrx_word' id='word_1_241' title='bbox 1180 3307 1211 3359; x_wconf 79' lang='grc' dir='ltr'>τό</span> <span class='ocrx_word' id='word_1_242' title='bbox 1229 3306 1259 3358; x_wconf 77' lang='grc' dir='ltr'>δὲ</span> 
     </span>
     <span class='ocr_line' id='line_1_31' title="bbox 117 3378 1259 3462; baseline 0.003 -18"><span class='ocrx_word' id='word_1_243' title='bbox 117 3392 191 3460; x_wconf 80' lang='grc' dir='ltr'><strong><em>ἑξῆς·</em></strong></span> <span class='ocrx_word' id='word_1_244' title='bbox 212 3378 287 3444; x_wconf 78' lang='grc' dir='ltr'><strong><em>οἶδεν</em></strong></span> <span class='ocrx_word' id='word_1_245' title='bbox 305 3388 457 3462; x_wconf 74' lang='grc' dir='ltr'><strong><em>δ’Ἁριστις,</em></strong></span> <span class='ocrx_word' id='word_1_246' title='bbox 477 3391 512 3450; x_wconf 80' lang='grc' dir='ltr'><strong><em>ὠς</em></strong></span> <span class='ocrx_word' id='word_1_247' title='bbox 531 3391 560 3444; x_wconf 85' lang='grc' dir='ltr'>ἐκ</span> <span class='ocrx_word' id='word_1_248' title='bbox 577 3391 675 3450; x_wconf 76' lang='grc' dir='ltr'><strong><em>παιδος</em></strong></span> <span class='ocrx_word' id='word_1_249' title='bbox 686 3389 798 3462; x_wconf 77' lang='grc' dir='ltr'><strong><em>’Ἀρυτος</em></strong></span> <span class='ocrx_word' id='word_1_250' title='bbox 816 3391 869 3445; x_wconf 79' lang='grc' dir='ltr'>καὶ</span> <span class='ocrx_word' id='word_1_251' title='bbox 888 3393 926 3444; x_wconf 75' lang='lat' dir='ltr'>tri</span> <span class='ocrx_word' id='word_1_252' title='bbox 944 3393 1055 3446; x_wconf 75' lang='lat' dir='ltr'>loturi.</span> <span class='ocrx_word' id='word_1_253' title='bbox 1070 3425 1102 3431; x_wconf 93' lang='lat'><em>-</em></span> <span class='ocrx_word' id='word_1_254' title='bbox 1121 3394 1160 3446; x_wconf 89' lang='lat' dir='ltr'>De</span> <span class='ocrx_word' id='word_1_255' title='bbox 1177 3410 1259 3447; x_wconf 78' lang='lat' dir='ltr'>vocu-</span> 
     </span>
     <span class='ocr_line' id='line_1_32' title="bbox 117 3477 1258 3548; baseline 0 -16"><span class='ocrx_word' id='word_1_256' title='bbox 117 3479 249 3532; x_wconf 91' lang='lat' dir='ltr'>bulorum</span> <span class='ocrx_word' id='word_1_257' title='bbox 267 3477 302 3530; x_wconf 79' lang='grc' dir='ltr'>τιὶ</span> <span class='ocrx_word' id='word_1_258' title='bbox 320 3477 380 3546; x_wconf 77' lang='grc' dir='ltr'><strong><em>ἑξῆς</em></strong></span> <span class='ocrx_word' id='word_1_259' title='bbox 402 3478 460 3531; x_wconf 87' lang='lat' dir='ltr'>sive</span> <span class='ocrx_word' id='word_1_260' title='bbox 478 3478 509 3531; x_wconf 87' lang='grc' dir='ltr'><em>τό</em></span> <span class='ocrx_word' id='word_1_261' title='bbox 528 3478 600 3548; x_wconf 76' lang='grc' dir='ltr'><strong><em>ἑξῆς,</em></strong></span> <span class='ocrx_word' id='word_1_262' title='bbox 624 3479 725 3548; x_wconf 87' lang='lat' dir='ltr'>quibus</span> <span class='ocrx_word' id='word_1_263' title='bbox 748 3481 818 3535; x_wconf 85' lang='lat' dir='ltr'>haee</span> <span class='ocrx_word' id='word_1_264' title='bbox 836 3481 942 3535; x_wconf 88' lang='lat' dir='ltr'>scholia</span> <span class='ocrx_word' id='word_1_265' title='bbox 962 3480 1183 3546; x_wconf 79' lang='lat' dir='ltr'>introducuntur,</span> <span class='ocrx_word' id='word_1_266' title='bbox 1207 3497 1258 3532; x_wconf 89' lang='lat' dir='ltr'>usu</span> 
     </span>
     <span class='ocr_line' id='line_1_33' title="bbox 118 3563 607 3634; baseline 0 -16"><span class='ocrx_word' id='word_1_267' title='bbox 118 3565 183 3618; x_wconf 88' lang='lat' dir='ltr'>vide</span> <span class='ocrx_word' id='word_1_268' title='bbox 201 3581 275 3632; x_wconf 79' lang='lat' dir='ltr'>quse</span> <span class='ocrx_word' id='word_1_269' title='bbox 294 3563 410 3633; x_wconf 84' lang='lat' dir='ltr'>exposui</span> <span class='ocrx_word' id='word_1_270' title='bbox 429 3564 494 3634; x_wconf 82' lang='lat' dir='ltr'>Cap.</span> <span class='ocrx_word' id='word_1_271' title='bbox 509 3565 535 3618; x_wconf 92' lang='grc' dir='ltr'>ΙΙ</span> <span class='ocrx_word' id='word_1_272' title='bbox 554 3566 607 3628; x_wconf 71' lang='grc' dir='ltr'>ξ4.</span> 
     </span>
    </p>

    <p class='ocr_par' dir='ltr' id='par_1_13' title="bbox 117 3649 1258 3981">
     <span class='ocr_line' id='line_1_34' title="bbox 208 3649 1258 3722; baseline -0.001 -19"><span class='ocrx_word' id='word_1_273' title='bbox 208 3654 229 3719; x_wconf 85' lang='lat'>²)</span> <span class='ocrx_word' id='word_1_274' title='bbox 248 3651 308 3704; x_wconf 89' lang='lat' dir='ltr'>Hoc</span> <span class='ocrx_word' id='word_1_275' title='bbox 325 3650 386 3704; x_wconf 89' lang='lat' dir='ltr'>loco</span> <span class='ocrx_word' id='word_1_276' title='bbox 404 3668 460 3704; x_wconf 90' lang='lat' dir='ltr'>uon</span> <span class='ocrx_word' id='word_1_277' title='bbox 479 3650 614 3704; x_wconf 82' lang='lat' dir='ltr'>habemus</span> <span class='ocrx_word' id='word_1_278' title='bbox 632 3651 704 3704; x_wconf 91' lang='lat' dir='ltr'>illud</span> <span class='ocrx_word' id='word_1_279' title='bbox 722 3652 812 3718; x_wconf 83' lang='grc' dir='ltr'><strong><em>,,κοι’“,</em></strong></span> <span class='ocrx_word' id='word_1_280' title='bbox 831 3653 907 3721; x_wconf 87' lang='lat' dir='ltr'>quod</span> <span class='ocrx_word' id='word_1_281' title='bbox 923 3655 990 3722; x_wconf 87' lang='lat' dir='ltr'>apte</span> <span class='ocrx_word' id='word_1_282' title='bbox 1004 3651 1065 3717; x_wconf 73' lang='grc' dir='ltr'><strong><em>,μοι’</em></strong></span> <span class='ocrx_word' id='word_1_283' title='bbox 1078 3649 1258 3720; x_wconf 84' lang='lat' dir='ltr'>explieativi“</span> 
     </span>
     <span class='ocr_line' id='line_1_35' title="bbox 117 3733 1258 3808; baseline -0.003 -16"><span class='ocrx_word' id='word_1_284' title='bbox 117 3739 233 3792; x_wconf 90' lang='lat' dir='ltr'>nomine</span> <span class='ocrx_word' id='word_1_285' title='bbox 256 3738 428 3807; x_wconf 62' lang='lat' dir='ltr'>appellatum</span> <span class='ocrx_word' id='word_1_286' title='bbox 457 3754 523 3790; x_wconf 89' lang='lat' dir='ltr'>nam</span> <span class='ocrx_word' id='word_1_287' title='bbox 551 3736 581 3790; x_wconf 91' lang='lat' dir='ltr'>iu</span> <span class='ocrx_word' id='word_1_288' title='bbox 605 3739 706 3806; x_wconf 87' lang='lat' dir='ltr'>poetae</span> <span class='ocrx_word' id='word_1_289' title='bbox 732 3757 844 3808; x_wconf 88' lang='lat' dir='ltr'>quoque</span> <span class='ocrx_word' id='word_1_290' title='bbox 868 3742 948 3794; x_wconf 87' lang='lat' dir='ltr'>textu</span> <span class='ocrx_word' id='word_1_291' title='bbox 971 3739 1090 3808; x_wconf 88' lang='lat' dir='ltr'>legimus</span> <span class='ocrx_word' id='word_1_292' title='bbox 1115 3736 1158 3790; x_wconf 92' lang='lat' dir='ltr'>bis</span> <span class='ocrx_word' id='word_1_293' title='bbox 1185 3733 1258 3802; x_wconf 79' lang='grc' dir='ltr'><strong><em>ἄνυε,</em></strong></span> 
     </span>
     <span class='ocr_line' id='line_1_36' title="bbox 118 3823 1258 3895; baseline -0.002 -17"><span class='ocrx_word' id='word_1_294' title='bbox 118 3843 239 3893; x_wconf 83' lang='lat' dir='ltr'>quarum</span> <span class='ocrx_word' id='word_1_295' title='bbox 266 3825 416 3878; x_wconf 87' lang='lat' dir='ltr'>formarum</span> <span class='ocrx_word' id='word_1_296' title='bbox 439 3823 560 3892; x_wconf 90' lang='lat' dir='ltr'>priorem</span> <span class='ocrx_word' id='word_1_297' title='bbox 584 3825 734 3880; x_wconf 86' lang='lat' dir='ltr'>scholiasta</span> <span class='ocrx_word' id='word_1_298' title='bbox 761 3827 964 3881; x_wconf 83' lang='lat' dir='ltr'>circumscribit</span> <span class='ocrx_word' id='word_1_299' title='bbox 986 3825 1147 3895; x_wconf 78' lang='grc' dir='ltr'><strong><em>,,ἐπε’ραινε“</em></strong></span> <span class='ocrx_word' id='word_1_300' title='bbox 1165 3823 1258 3886; x_wconf 85' lang='lat' dir='ltr'>verbe,</span> 
     </span>
     <span class='ocr_line' id='line_1_37' title="bbox 117 3909 903 3981; baseline 0.003 -17"><span class='ocrx_word' id='word_1_301' title='bbox 117 3911 239 3965; x_wconf 86' lang='lat' dir='ltr'>alteram</span> <span class='ocrx_word' id='word_1_302' title='bbox 258 3909 396 3978; x_wconf 77' lang='grc' dir='ltr'><strong><em>,,ιλιη’νυε“.</em></strong></span> <span class='ocrx_word' id='word_1_303' title='bbox 427 3909 480 3963; x_wconf 79' lang='lat' dir='ltr'>Otr.</span> <span class='ocrx_word' id='word_1_304' title='bbox 499 3910 590 3965; x_wconf 87' lang='lat' dir='ltr'>Schol.</span> <span class='ocrx_word' id='word_1_305' title='bbox 609 3913 674 3965; x_wconf 84' lang='lat' dir='ltr'>Rec.</span> <span class='ocrx_word' id='word_1_306' title='bbox 694 3913 759 3966; x_wconf 91' lang='lat' dir='ltr'>Ahr.</span> <span class='ocrx_word' id='word_1_307' title='bbox 779 3931 805 3981; x_wconf 94' lang='lat' dir='ltr'>p.</span> <span class='ocrx_word' id='word_1_308' title='bbox 820 3915 861 3976; x_wconf 76' lang='lat'>72,</span> <span class='ocrx_word' id='word_1_309' title='bbox 879 3915 903 3966; x_wconf 89' lang='lat'>8.</span> 
     </span>
    </p>

    <p class='ocr_par' dir='ltr' id='par_1_14' title="bbox 117 3995 1259 4152">
     <span class='ocr_line' id='line_1_38' title="bbox 210 3995 1259 4070; baseline -0.001 -21"><span class='ocrx_word' id='word_1_310' title='bbox 210 3999 230 4064; x_wconf 86' lang='lat'>³)</span> <span class='ocrx_word' id='word_1_311' title='bbox 249 3995 407 4050; x_wconf 89' lang='lat' dir='ltr'>Verisimile</span> <span class='ocrx_word' id='word_1_312' title='bbox 431 3999 474 4050; x_wconf 88' lang='lat' dir='ltr'>est</span> <span class='ocrx_word' id='word_1_313' title='bbox 495 3996 666 4051; x_wconf 85' lang='lat' dir='ltr'>adieetivum</span> <span class='ocrx_word' id='word_1_314' title='bbox 690 3999 789 4070; x_wconf 83' lang='grc' dir='ltr'><strong><em>πικρόν</em></strong></span> <span class='ocrx_word' id='word_1_315' title='bbox 812 3999 875 4053; x_wconf 89' lang='lat' dir='ltr'>ideo</span> <span class='ocrx_word' id='word_1_316' title='bbox 900 3998 929 4050; x_wconf 90' lang='lat' dir='ltr'>in</span> <span class='ocrx_word' id='word_1_317' title='bbox 952 3996 1118 4066; x_wconf 87' lang='lat' dir='ltr'>paraphrasi</span> <span class='ocrx_word' id='word_1_318' title='bbox 1136 3997 1259 4066; x_wconf 85' lang='lat' dir='ltr'>praeter·</span> 
     </span>
     <span class='ocr_line' id='line_1_39' title="bbox 117 4081 1259 4152; baseline -0.002 -16"><span class='ocrx_word' id='word_1_319' title='bbox 117 4084 236 4137; x_wconf 85' lang='lat' dir='ltr'>missum</span> <span class='ocrx_word' id='word_1_320' title='bbox 259 4099 331 4145; x_wconf 81' lang='lat' dir='ltr'>esse,</span> <span class='ocrx_word' id='word_1_321' title='bbox 356 4082 431 4150; x_wconf 87' lang='lat' dir='ltr'>quod</span> <span class='ocrx_word' id='word_1_322' title='bbox 450 4081 647 4150; x_wconf 88' lang='lat' dir='ltr'>explicandum</span> <span class='ocrx_word' id='word_1_323' title='bbox 666 4086 727 4136; x_wconf 88' lang='lat' dir='ltr'>erat</span> <span class='ocrx_word' id='word_1_324' title='bbox 745 4084 857 4152; x_wconf 87' lang='lat' dir='ltr'>proprio</span> <span class='ocrx_word' id='word_1_325' title='bbox 876 4083 981 4138; x_wconf 88' lang='lat' dir='ltr'>scholio</span> <span class='ocrx_word' id='word_1_326' title='bbox 1000 4082 1124 4135; x_wconf 86' lang='lat' dir='ltr'>eiusdem</span> <span class='ocrx_word' id='word_1_327' title='bbox 1142 4082 1259 4135; x_wconf 85' lang='lat' dir='ltr'>fortasse</span> 
     </span>
    </p>
   </div>
   <div class='ocr_carea' id='block_1_7' title="bbox 116 4167 1258 4324">
    <p class='ocr_par' dir='ltr' id='par_1_15' title="bbox 116 4167 1258 4324">
     <span class='ocr_line' id='line_1_40' title="bbox 116 4167 1258 4240; baseline 0 -17"><span class='ocrx_word' id='word_1_328' title='bbox 116 4170 231 4240; x_wconf 89' lang='lat' dir='ltr'>generis</span> <span class='ocrx_word' id='word_1_329' title='bbox 263 4171 349 4237; x_wconf 89' lang='lat' dir='ltr'>atque</span> <span class='ocrx_word' id='word_1_330' title='bbox 376 4168 460 4231; x_wconf 92' lang='lat' dir='ltr'>illud,</span> <span class='ocrx_word' id='word_1_331' title='bbox 494 4169 568 4237; x_wconf 91' lang='lat' dir='ltr'>quod</span> <span class='ocrx_word' id='word_1_332' title='bbox 595 4169 747 4223; x_wconf 90' lang='lat' dir='ltr'>Ahrensius</span> <span class='ocrx_word' id='word_1_333' title='bbox 782 4169 863 4224; x_wconf 87' lang='lat' dir='ltr'>affert</span> <span class='ocrx_word' id='word_1_334' title='bbox 897 4186 930 4223; x_wconf 85' lang='lat' dir='ltr'>ex</span> <span class='ocrx_word' id='word_1_335' title='bbox 964 4168 1058 4225; x_wconf 83' lang='lat' dir='ltr'>codiee</span> <span class='ocrx_word' id='word_1_336' title='bbox 1089 4167 1258 4223; x_wconf 84' lang='lat' dir='ltr'>Baroceiano</span> 
     </span>
     <span class='ocr_line' id='line_1_41' title="bbox 118 4254 389 4324; baseline -0.007 -16"><span class='ocrx_word' id='word_1_337' title='bbox 118 4254 389 4324; x_wconf 52' lang='lat' dir='ltr'>fflmeRn</span> 
     </span>
    </p>
   </div>
   <div class='ocr_carea' id='block_1_8' title="bbox 0 0 1549 4910">
    <p class='ocr_par' dir='ltr' id='par_1_16' title="bbox 0 0 1549 4910">
     <span class='ocr_line' id='line_1_42' title="bbox 0 0 1549 4910; baseline 0 0"><span class='ocrx_word' id='word_1_338' title='bbox 0 0 1549 4910; x_wconf 95' lang='lat' dir='ltr'> </span> 
     </span>
    </p>
   </div>
  </div>
 </body>
</html>
