3070 4910
548 321 761 385 „59-

84 505 127 576 τὰ
153 509 182 576 έν
213 513 286 588 τοῖς
318 503 474 592 ὀσπρίοις
508 503 627 594 θηρία,
655 505 712 573 καί
749 512 901 594 τρῶκται.
925 547 967 556 -
991 560 998 573 .
1024 560 1031 575 .
1055 505 1148 597 παρὸ
1174 505 1213 578 τὸ

88 610 189 700 τρώγω
211 609 325 700 τριιίζω
347 607 511 699 τροῖξιμος
532 609 589 676 καί
612 606 764 698 τρώκτης.

164 735 215 800 Et.
230 734 276 800 M.
296 756 329 819 p.
346 737 417 813 770,
430 737 488 797 40:
514 747 613 817 τρώγω
636 725 835 818 παράγωγόν
854 731 942 798 ε’στιν
962 727 1032 800 ἀπὸ
1055 735 1114 799 τοῦ
1137 736 1212 821 τριῖ,

89 834 124 904 τὸ
147 833 293 922 βλάπτω.
332 833 484 922 σημαίνει
512 831 550 901 τὸ
582 830 844 921 κατεργάζεσθαι
870 831 913 901 τὰ
939 833 1124 922 βαλλόμενα
1156 837 1213 904 καὶ

92 937 131 1028 μὴ
151 939 203 1006 έᾶν
226 936 322 1006 ἅτινα
346 934 385 1004 ὸν
406 935 511 1026 τρώγῃ
533 964 585 1017 τις
605 933 691 1025 ὑγιᾶ.

168 1079 272 1146 Τρῶγες
293 1055 398 1147 θηρία
419 1056 462 1124 τὸ
481 1049 517 1124 ’έν
537 1063 609 1137 τοῖς
632 1052 795 1146 ὀσπρίοις.

170 1180 293 1255 Τρώκιης
315 1157 543 1254 ἆποστερητής
564 1188 593 1229 κ.
605 1188 633 1229 τ.
646 1163 674 1229 λ.

167 1371 261 1437 *Sch.
277 1371 415 1438 Theocr.
431 1371 479 1436 Id.
496 1371 512 1434 I
528 1373 585 1434 51:
609 1385 737 1456 Ξηροῐσιε
755 1365 826 1438 ἀπὸ
842 1373 900 1438 τοῦ
915 1369 978 1452 ξέω
994 1372 1040 1452 ξεῖ
1060 1368 1214 1460 ῥήματος.

95 1473 125 1540 έι
143 1477 328 1562 μεταφορᾶς
349 1476 408 1563 τῆς
429 1469 507 1562 ὕλης
528 1475 593 1539 τῶν
616 1469 735 1554 ξύλων
763 1469 798 1540 εἴ
815 1500 847 1540 τι
871 1470 931 1562 μὰρ
954 1471 1096 1556 έξνσται,
1120 1470 1216 1562 ξηρὸν

94 1573 212 1663 γίνεται,
235 1575 292 1642 καί
316 1572 401 1642 κατὰ
423 1572 550 1666 τροπὴν
571 1579 630 1643 τοῦ
652 1601 668 1642 ε
690 1573 738 1656 εἰς
758 1603 779 1665 η
801 1571 905 1664 ξηρόν.

168 1698 220 1762 Et.
240 1697 285 1763 Μ.
311 1719 343 1783 p.
364 1701 437 1779 611,
455 1699 488 1762 3:
517 1713 607 1782 Ξηρὸν
627 1712 673 1766 καί
695 1713 790 1786 ξερόνε
816 1693 909 1785 παρὰ
936 1693 974 1764 τὸ
1002 1698 1049 1778 ξῶ
1077 1700 1166 1787 ῥῆμα
1195 1693 1217 1788 ἢ

96 1799 157 1880 ξὲω.
179 1795 247 1867 ἀπὸ
269 1802 461 1888 μεταφορᾶς
481 1803 541 1890 τῆς
561 1797 639 1890 ὕλης
659 1803 724 1867 τῶν
745 1797 864 1882 ξύλων·
888 1797 971 1868 εἴτι
989 1797 1050 1888 γὰρ
1073 1798 1215 1882 έξοσται,

95 1901 192 1992 ξηρόν·
225 1903 348 1992 γίνεται
378 1903 415 1971 δὲ
441 1901 525 1971 κατὰ
554 1901 681 1994 τροπὴν
707 1907 766 1972 τοῦ
788 1932 808 1992 η
830 1901 877 1988 εἰς
899 1931 914 1972 ε
937 1901 1037 1994 ξερὸν.
1075 1902 1098 1995 ἢ
1124 1901 1217 1993 παρὰ

94 2003 127 2074 τὸ
147 2004 279 2098 σκληρὸν
301 2007 419 2098 ἐκβολῇ
441 2010 501 2074 τοῦ
523 2009 542 2074 λ
564 2007 620 2074 καί
643 2004 766 2093 κράσει.

172 2217 244 2281 soh.
261 2205 400 2282 Theoor.
417 2216 465 2282 Id.
482 2216 500 2280 I
516 2220 572 2280 52:
597 2231 702 2286 κολάκ·
725 2211 885 2281 ἐπίθετόν
900 2213 986 2281 ἐστι’
1009 2217 1098 2304 ῥῆμα
1118 2211 1216 2302 κιίζω,

95 2307 217 2407 ὸὸηλοῖ
238 2313 276 2384 τὸ
299 2319 422 2402 κοσμοῖ,
446 2319 464 2384 ὁ
485 2317 611 2402 μέλλων
633 2314 739 2399 κάσιν,
769 2310 824 2405 ἀφ’
851 2307 891 2384 οὗ
911 2313 1091 2406 ῥηματικὸν
1114 2312 1218 2404 ὄνομα

94 2418 190 2504 καλός,
220 2417 269 2489 τὸ·
285 2417 430 2510 θηλυκὸν
456 2424 475 2510 ἠ
498 2418 590 2510 καλή.
620 2417 643 2512 ἢ
669 2416 763 2509 παρὰ
788 2423 827 2487 τὸ
858 2423 948 2487 καλοῖ
977 2428 1066 2512 ῥῆμα
1095 2418 1218 2509 γίνεται

93 2522 182 2606 καλὸς
202 2521 260 2592 διὸ
281 2521 320 2592 τὸ
343 2526 453 2591 καλεῖν
467 2521 553 2612 πρὸς
568 2520 684 2592 ἑαυτὸν
699 2524 846 2607 ἕκαστον,
870 2519 915 2605 ὡς
935 2525 974 2592 τὸ
999 2518 1136 2612 ἀγαθόν,
1160 2519 1227 2612 ἐφ’·

94 2617 118 2714 ᾧ
136 2625 253 2709 πάντες
274 2627 406 2713 θέομεν.
761 2627 764 2634 ’

170 2751 222 2818 Et.
239 2751 283 2817 M.
300 2773 332 2836 p.
345 2753 417 2832 485,
431 2755 486 2814 55:
513 2766 597 2826 καλός
623 2749 659 2816 ἐκ
678 2751 738 2817 τοῦ
757 2737 885 2828 κάλλος.
913 2743 937 2837 ἢ
958 2744 1051 2835 παρὰ
1066 2743 1105 2814 τὸ
1118 2743 1217 2829 κιίζω,

94 2850 247 2936 ὁμέλλων
275 2849 384 2937 κοίσω,
416 2849 595 2941 ῥηματικὸν
622 2846 726 2936 ὸνομα
753 2849 860 2932 καλός.
899 2847 921 2942 ἢ
946 2847 1039 2938 παρὰ
1067 2846 1105 2918 τὸ
1132 2852 1222 2916 καλῶ

1022 2954 1032 2978 ἱ
1056 2949 1065 2974 J
1098 2945 1116 2976 ἢ
1142 2948 1161 2974 3(

93 2955 125 3021 ἐκ
143 2960 199 3023 τοῦ
220 2958 332 3023 καλεῖν
353 2952 438 3044 πρὸς
460 2951 575 3024 ἑαυτὸν
597 2955 747 3038 ἕκαστον,
776 2950 820 3036 ὡς
843 2951 986 3043 ἀγαθόν,
1016 2980 1058 3043 εφ
1096 2981 1114 3022 ο
1138 2979 1220 3042 αμαν

93 3059 214 3146 θέομεν.
237 3057 259 3150 ἢ
281 3086 310 3128 κ.
321 3087 349 3128 τ.
361 3062 390 3127 λ.

171 3271 267 3336 *seh
291 3270 429 3336 Theoer.
452 3270 500 3334 Id.
517 3271 606 3335 155:
631 3287 785 3342 fle'uwrm:
807 3268 844 3335 ἐκ
865 3270 924 3335 τοῦ
946 3269 1067 3356 ἵπτημι
1091 3266 1221 3334 έπτακα

92 3370 233 3458 έπταμαι
260 3371 406 3440 έπτασαι
435 3372 578 3440 έπταται
607 3372 664 3439 καὶ
691 3374 890 3460 πλεονασμῷ
917 3374 977 3438 τοῦ
999 3399 1028 3438 π
1049 3371 1221 3438 πέπταται

91 3473 268 3556 Αίολικῶς·
302 3474 333 3544 οἱ
362 3471 423 3564 γὰρ
450 3474 585 3556 Αἰολεῖς
614 3474 757 3543 εἰώθασι
784 3474 1005 3563 προστιθέναι
1034 3471 1218 3563 σύμφωνον,

91 3575 196 3669 ὥσπερ
219 3576 257 3647 τὸ
280 3579 491 3668 ἕπτέρομμαι,
515 3571 601 3648 οἷον·

188 3701 225 3761 οῖς
242 3701 272 3753 δὲ
290 3700 355 3760 πάϊς
371 3701 442 3754 πεδοῖ
463 3701 571 3773 μοίτερα
594 3701 784 3771 πεπτέρνμμαι
803 3685 952 3772 (Sappho
974 3685 1034 3770 frg.
1051 3685 1118 3770 38).

86 3795 285 3891 Ἡρωδιανὸς
308 3801 341 3868 έν
362 3805 410 3891 τῷ
432 3802 510 3890 περὶ
533 3798 678 3882 ποίθοος.

169 3926 224 3992 Et.
247 3925 292 3990 M.
317 3948 349 4012 p.
373 3929 446 4008 662,
466 3928 521 3989 32:
556 3943 713 4011 Πέπταμοα
743 3923 787 3990 ἐκ
811 3925 871 3990 τοῦ
899 3923 1021 4010 ἵπτημι
1053 3918 1176 4009 γίνεται
1205 3923 1223 3988 ὁ

88 4023 275 4116 παθητικὸς
318 4024 558 4115 παρακείμενος
603 4023 752 4111 έπταμαι
793 4021 939 4093 έπτασαι
981 4022 1124 4091 έπταται
1164 4025 1222 4092 καὶ

89 4133 284 4220 πλεονασμῷ
311 4133 371 4199 τοῦ
392 4158 418 4197 π
441 4130 621 4216 πέπταμαι
639 4127 823 4210 Αἱολικοῖς·
856 4127 888 4196 οῖ
911 4124 971 4217 γὰρ
986 4127 1125 4209 Αἰολεῖς
1147 4126 1223 4196 εἰώ-

89 4241 169 4304 θασι
199 4235 421 4324 προστιθέναι
452 4231 640 4324 σύμφωνον,
675 4229 786 4321 ὥσπερ
815 4229 854 4301 τὸ
884 4229 1125 4325 έπτερίγωμαι,
1161 4260 1223 4308 πε-
