3070 4910
696 288 994 374 »ογ-

321 473 554 558 χλευαστικοῖς.
600 492 760 560 Κεραμέων
792 472 963 562 ἐρεθίζων,
996 471 1173 556 χλευάζων·
1206 479 1317 600 Ισχῆμα
1350 505 1509 567 παρα-

322 573 518 644 σύνθετον
501 602 538 642 εκ
558 578 618 642 τοῦ
639 575 805 663 κέρτομος.

410 785 483 851 Sch.
507 785 981 860 Theocr.Id.187:‘ran620;:
1007 779 1166 873 (ῴπόλος)
1190 780 1263 853 ἀντὶ
1286 789 1346 854 τοῦ
1369 787 1389 853 6
1413 784 1469 852 αὶ-
1509 829 1510 834 κ

323 876 437 968 πόλος.
459 884 687 976 γίνεταιῑκατὰ
709 884 836 978 τροπὴν
852 890 912 954 τοῦ
936 888 1025 954 caat
1041 915 1063 954 α
1079 884 1126 969 εἷς
1148 915 1175 955 ω
1189 890 1284 977 μέγα,
1302 885 1468 982 ἢμᾶλλον
1509 951 1510 962 2

323 993 357 1058 dv
379 991 559 1080 σοναιρὲσει
574 995 634 1058 τοῦ
657 1017 698 1058 oc
721 989 769 1071 εἷς
791 1017 817 1058 ω
839 990 923 1077 μέγα
939 985 1079 1074 ὡπόλος,
1102 995 1162 1059 τοῦ
1184 994 1222 1060 dd
1248 992 1332 1060 ἰῶτα
1356 1018 1467 1082 προσ·
1509 1001 1510 1046 1

323 1094 543 1184 γεγραμμένου
567 1094 600 1182 (6
622 1091 776 1182 αἰπόλος)
800 1089 941 1182 ᾡπόλος.

409 1201 463 1264 Et.
486 1201 530 1265 M
558 1223 589 1286 p.
607 1203 680 1273 822
699 1203 756 1264 53:
783 1213 904 1274 &cunctos
931 1192 1001 1264 ἀπὸ
1029 1201 1090 1266 τοῦ
1118 1200 1135 1265 6
1163 1196 1306 1280 αἰπόλος
1338 1200 1464 1288 γίνεται

324 1298 409 1368 κατὰ
431 1304 547 1390 κρᾶσιν
566 1302 626 1368 τοῦ
650 1326 667 1367 ο
690 1301 747 1367 καὶ
771 1328 793 1367 α
816 1298 864 1381 εἰς
884 1297 923 1368 τὸ
947 1327 982 1382 ω,
1005 1301 1062 1367 καὶ
1079 1303 1262 1390 συναιρέσει
1279 1305 1381 1370 πάλιν
1404 1306 1464 1370 τοῦ
1510 1341 1511 1388 l

325 1404 422 1472 orari
452 1431 464 1470 ι
487 1430 535 1483 εις
560 1401 619 1494 τὴν
646 1430 686 1470 cra
710 1402 894 1493 δίφθογγον
921 1399 1100 1491 ᾠπόλος)
1082 1406 1154 1472 αντὶ
1181 1410 1241 1472 τοῦ
1264 1409 1282 1472 6
1304 1404 1511 1485 αἰπόλος

325 1508 465 1595 μιν)

811 1941 917 2007 Orrur
937 1943 977 2010 V.

465 2075 526 2141 DE
550 2076 763 2152 RELIQUIS
788 2077 996 2144 SOHOLIIS
1019 2077 1325 2143 THEOCRITEIS

708 2181 1084 2248 VETUSTIORIBUS.

412 2337 581 2424 Superest,
604 2343 642 2402 ut
662 2337 855 2402 brevissime
879 2336 985 2401 dicum
1008 2336 1048 2402 de
1066 2335 1201 2401 scholiis
1225 2358 1310 2422 quae
1327 2343 1460 2402 restant.

325 2440 470 2519 Quorum
504 2445 594 2526 origo
630 2461 704 2505 cum
735 2447 791 2504 aut
821 2440 861 2504 ab
894 2441 969 2503 aliis
1001 2439 1121 2504 dudum
1152 2439 1308 2524 indagata
1337 2442 1380 2504 sit
1407 2444 1461 2504 ant
1512 2467 1513 2486 ν

325 2543 504 2608 maioribus
537 2543 782 2608 difficultatibus
812 2542 944 2623 obruta,
979 2564 1076 2628 quam
1108 2543 1227 2628 quibus
1256 2543 1461 2608 removendis

325 2648 439 2711 tironis
455 2648 541 2710 vires
566 2647 739 2728 sufficiant,
764 2647 971 2731 acquiescam
993 2649 1027 2710 in
1050 2647 1228 2731 generibus
1246 2668 1360 2711 eorum
1384 2668 1460 2710 enu-

325 2749 500 2816 merendis.

411 2852 566 2920 Discerni
594 2859 704 2918 autem
732 2873 830 2941 posse
859 2853 1010 2919 videntur
1037 2853 1235 2938 reliquorum
1264 2852 1458 2917 scholiorum

327 2979 450 3042 genera
472 2957 569 3022 haee:

506 3099 534 3160 1.
565 3090 726 3158 Scholia
749 3095 796 3158 ad
819 3094 1015 3159 dialectos
1038 3093 1288 3181 pertinentia.

416 3214 509 3278 Haec
541 3213 666 3277 scholia
694 3233 798 3297 aeque
826 3220 924 3298 atque
952 3215 1022 3294 illa,
1057 3235 1140 3299 quae
1170 3235 1213 3278 ex
1234 3213 1460 3299 Etymologico

329 3318 526 3402 transcripta
544 3323 629 3398 sunt,
652 3316 787 3380 uberius
810 3324 943 3381 manant
967 3317 1007 3381 ad
1031 3339 1131 3381 unum
1149 3317 1297 3403 idyllium
1314 3319 1462 3402 primum,

328 3419 369 3486 ad
387 3422 513 3506 reliqua
526 3421 671 3485 carmina
685 3419 756 3485 fere
771 3419 888 3486 desunt
898 3420 943 3508 ¹);
961 3428 1059 3507 atque
1075 3444 1147 3486 cum
1160 3425 1294 3507 propter
1307 3423 1461 3485 maiorem

329 3523 575 3589 similitudinem
600 3545 642 3588 ex
665 3523 770 3589 isdem
793 3525 949 3608 fontibus,
974 3525 1092 3611 quibus
1108 3523 1328 3610 Etymologici
1352 3530 1462 3588 auctor

327 3650 404 3692 usus
428 3633 497 3709 est,
525 3625 720 3713 profluxisse
743 3628 930 3711 videantur,
958 3650 1023 3693 non
1046 3630 1150 3692 multo
1173 3625 1358 3712 antiquiore
1382 3633 1461 3691 tem-

327 3753 407 3818 pore
435 3752 532 3816 quarn
562 3727 659 3794 illa
650 3752 683 3794 rn
715 3733 912 3796 scholiorum
940 3731 1209 3796 Theocriteorum
1240 3752 1357 3817 corpus
1385 3731 1462 3794 haec

327 3841 461 3921 recepta
484 3855 557 3898 esse
585 3835 741 3920 suspicor.
791 3835 981 3900 Reseranda
1010 3841 1119 3900 autem
1150 3842 1226 3900 sunt
1253 3834 1395 3921 plurima
1424 3829 1460 3896 ad

327 3937 563 4002 Herodianum.

417 4129 437 4192 ¹)
457 4125 624 4180 Habemus
616 4144 646 4179 m
665 4123 778 4179 scholiis
796 4123 862 4180 Id.l
881 4125 986 4180 scholia
1004 4123 1153 4180 dialectice
1169 4126 1273 4195 viginti
1297 4125 1362 4190 duo,
1387 4123 1425 4178 Id.
1439 4121 1461 4175 ll

328 4211 415 4278 nulla,
433 4212 473 4266 Id.
488 4213 528 4266 ΠΙ
546 4212 609 4276 tria,
628 4211 668 4266 ld.
682 4213 721 4266 lV
740 4211 803 4276 duo,
822 4214 873 4265 etc.
