3070 4910
515 253 728 314 „41-

52 431 162 510 καδίας
185 433 244 500 καί
275 430 387 515 πόλις,
420 427 490 500 άπὸ
513 430 691 502 Μαινάλου
719 437 778 500 τοῦ
797 429 971 522 Ἀρκάδος,
1004 423 1043 502 οὗ
1071 434 1183 526 πατῆρ

52 534 200 604 Λυκάων.

4 717 5 720 ρ
130 642 199 708 Sed
222 642 385 708 accedunt
408 642 472 705 elia
495 642 657 727 exempla,
682 663 765 726 quae
789 664 853 706 non
877 645 984 707 minus
1008 646 1119 710 valent
1142 645 1183 709 od

4 823 5 828 ρ
55 747 242 809 sententiam
264 751 412 808 nostram
437 745 725 830 comprobandam:

4 911 5 936 ρ
130 848 271 933 Legitur
294 847 334 912 ad
356 835 488 914 'Invss-
512 850 551 910 77
575 849 637 912 hoo
661 850 836 914 scholium:

4 941 8 1024 l
136 968 292 1020 Kaonczaou:
311 943 424 1015 ’Λαιόν
444 972 547 1037 φασιν
569 943 653 1017 εἶναι
676 947 837 1035 ποταμόν,
862 950 939 1038 περί
962 947 1039 1029 τοὺς
1060 947 1185 1032 τόπους

4 1031 10 1047 ”
57 1055 108 1117 τοῦ
129 1049 308 1118 Καυκάσου
331 1049 461 1138 λάβρως
483 1050 670 1143 φερόμενον,
697 1051 766 1142 τῆν
791 1049 917 1140 χῶραν
939 1053 1185 1140 Προμηθέως

59 1153 295 1241 λυμαινόμενον,
335 1146 372 1222 ὃν
408 1149 658 1242 ἀπέστρεψεν
688 1152 867 1246 Ἡρακλῆς,
907 1154 943 1237 ἐξ
972 1145 1010 1222 οὗ
1040 1181 1141 1244 φασιν
1168 1160 1185 1224 ό

4 1343 5 1346 ¹
59 1261 105 1339 μό
112 1263 194 1338 θος.
228 1261 295 1325 Ubi
311 1282 384 1324 oum
400 1267 531 1345 praeter
547 1262 732 1345 opinionem
749 1269 847 1345 atque
865 1262 1002 1346 abrupte
1026 1262 1185 1346 allegoria

61 1362 205 1427 historiae
239 1364 279 1427 de
310 1363 509 1426 Prometheo
544 1363 728 1443 induentur,
769 1370 926 1448 excerpta
960 1364 1184 1428 tantummodo

63 1485 98 1526 ex
117 1464 260 1550 longiore
284 1465 407 1528 scholio
439 1471 570 1529 servata
600 1487 674 1528 esse
703 1471 958 1529 consentaneum
991 1475 1054 1540 est;
1087 1467 1184 1551 idque

63 1568 230 1633 abeodem
255 1568 440 1632 confectum
465 1590 538 1632 esse
562 1577 696 1632 auctore
721 1590 793 1632 curn
824 1570 896 1649 illo,
929 1569 1015 1654 quod
1045 1572 1185 1655 legimus

64 1671 100 1732 ad
118 1671 220 1756 Apoll.
242 1671 306 1734 Rh.
324 1670 358 1733 ΙΙ
385 1673 465 1735 1248
490 1669 534 1756 (p.
553 1675 625 1752 446,
644 1674 716 1754 32),
742 1693 880 1756 quocum
903 1676 1063 1736 consentit
1087 1675 1185 1738 etiarn

68 1774 177 1838 dicendi
201 1797 304 1859 genus
329 1781 363 1838 et
386 1775 588 1858 singulorum
612 1776 783 1839 verborum
807 1782 912 1839 tenor:

140 1879 212 1943 sch.
236 1879 353 1963 Apoll.¹
369 1877 403 1940 ΙΙ
429 1881 527 1942 1248:
556 1877 574 1941 ό
596 1873 796 1964 Προμηθεὺς
819 1876 946 1943 ἐδέδοτο
969 1876 1002 1942 ἐν
1024 1879 1071 1966 τῷ
1087 1885 1186 1943 ’Καυ-

67 1975 152 2067 κάσφ,
174 1980 231 2047 καὶ
254 1982 272 2046 ό
295 1973 390 2058 άετὸς
416 1976 452 2045 τὸ
477 1969 570 2069 ῆπαρ
593 1975 695 2046 αὐτοῦ
723 1977 913 2070 κατῆσθιεν.
959 1980 1129 2069 Ἀγροίτας
1151 1981 1187 2048 δέ

67 2082 93 2146 ἐν
110 2086 145 2172 τῆ
166 2081 207 2170 ιγ’
235 2086 301 2150 τῶν
322 2086 481 2169 Λιβυκῶν
510 2082 732 2151 δαπανᾶσθαί
759 2107 840 2172 φησι
868 2082 907 2152 τὸ
934 2075 1027 2173 ῆπαρ
1050 2093 1186 2172 Πρυμνη-

67 2186 140 2266 θέυς
161 2184 255 2268 δόξαι
278 2183 346 2254 ὑπὸ
367 2190 427 2254 τοῦ
450 2182 548 2253 ἀετοῦ
571 2183 627 2254 διά
648 2185 687 2254 τδ
710 2191 768 2277 την
791 2187 965 2276 κρατίστην
987 2192 1057 2255 τοῦ
1078 2196 1186 2276 Προ-

67 2289 212 2376 μηθέως
232 2287 365 2376 χώραν
390 2287 446 2357 τὸν
468 2287 622 2375 ποταμὸν
649 2288 706 2357 τὸν
732 2287 930 2376 καλοόμενον
949 2287 1061 2358 Ἀετὸν
1084 2290 1185 2380 φθεί-

68 2416 135 2474 ρειν,
163 2383 253 2482 ῆπαρ
286 2393 323 2459 δέ
355 2389 447 2477 παρὰ
478 2394 616 2472 πολλοῖς
646 2390 706 2482 τῆν
739 2389 903 2479 εόκαρπον
932 2393 1088 2480 λέγεσθαι
1118 2398 1185 2485 γῆν.

65 2487 243 2580 Ἡρακλέους
275 2497 312 2562 δέ
345 2494 609 2579 ἐξοχετεόσαντος
642 2494 780 2581 διώρυξι,
804 2494 860 2564 τὸν
888 2495 1042 2583 ποταμὸν
1067 2495 1124 2564 τόν
1151 2524 1187 2565 τε

69 2591 148 2665 teror
169 2597 262 2682 δόξαι
285 2595 342 2666 ὖπ)
374 2596 475 2667 αὐτοῦ
497 2599 700 2689 κεχωρίσθαι
722 2602 779 2668 καί
807 2601 864 2669 τὸν
887 2603 1072 2690 Προμηθέα
1095 2600 1187 2669 λελό-

69 2710 139 2769 σθαι
154 2709 215 2771 τῶν
236 2708 375 2790 δεσμῶν.
413 2704 625 2796 Θεόφραστος
647 2708 683 2774 δέ
703 2704 760 2774 τὸν
776 2705 961 2793 Προμηθέα
977 2706 1059 2795 φησί
1082 2703 1187 2794 σοφόν

69 2805 217 2898 γενόμενον
251 2813 449 2894 μεταδοῦναι
487 2814 618 2898 πρῶτον
648 2815 719 2889 τοῖς
751 2805 945 2893 ἀνθρώποις
974 2808 1186 2899 φιλοσοφίας,

6 2907 7 2910 “
69 2907 135 2977 ὅθεν
155 2913 208 2980 καί
226 2915 428 3004 διαδοθῆναι
451 2911 507 2981 τόν
522 2917 641 3000 μῦθον,
665 2909 710 2993 ῶς
732 2909 796 3000 άρα
819 2910 923 3000 πυρός
937 2911 1106 3000 μεταδοίη.
1130 2914 1186 2979 καί

6 3023 7 3042 ¹
66 3007 235 3104 Ἡρόδωρος
267 3015 365 3098 ξένιος
395 3018 472 3105 περὶ
500 3021 564 3084 τῶν
595 3019 722 3103 δεσμῶν
751 3020 811 3084 τοῦ
838 3017 1047 3106 Προμηθέως
1072 3019 1185 3083 ταῦτα.

69 3111 140 3185 εἶναι
168 3119 228 3208 γὰρ
259 3115 358 3188 αὐτὸν
387 3125 525 3188 Σκυθῶν
553 3121 693 3208 βασιλέα
717 3120 814 3210 φησί,
850 3121 908 3188 καί
935 3119 981 3211 μῆ
1013 3117 1188 3205 δυνάμενον

69 3223 204 3309 παρέχειν
226 3230 298 3304 τοῖς
319 3220 481 3313 ὑπηκόοις
507 3223 549 3292 τὰ
571 3223 745 3315 ἐπιτῆδεια
769 3223 824 3291 διὰ
846 3223 884 3292 τὸ
911 3222 968 3291 τὸν
989 3220 1188 3308 καλούμενον

66 3318 163 3394 Ἀετὸν
183 3325 338 3413 ποταμὸν
360 3325 544 3410 ἐπικλάζειν
570 3325 612 3393 τὰ
639 3326 742 3394 πεδία
765 3330 904 3418 δεθῆναι
926 3323 994 3394 ὑπὸ
1016 3329 1081 3393 τῶν
1104 3332 1188 3392 Σκυ-

70 3430 137 3510 θῶν,
159 3430 360 3521 ἐπιφανέντα
384 3418 421 3498 δέ
431 3427 595 3518 Ἡρακλέα
610 3428 667 3498 τόν
681 3431 741 3517 μέν
756 3428 910 3516 ποταμὸν
925 3425 1188 3516 ἀποστρέψαι

8 3605 9 3612 ,
70 3527 108 3609 είς
132 3530 188 3622 τῆν
215 3530 411 3616 θάλασσαν,
441 3534 498 3600 καί
533 3531 589 3600 διὰ
618 3536 715 3599 τοῦτο
746 3537 1043 3618 μεμυθεῶσθαι
1071 3527 1187 3619 άνηρη-

8 3627 9 3708 J
69 3633 145 3702 κέναι
158 3634 214 3704 τὸν
230 3632 326 3704 άετδν
337 3633 511 3724 Ἡρακλέα,
534 3634 590 3703 τὸν
605 3637 641 3703 δέ
659 3638 844 3724 Προμηθέα
859 3639 956 3704 λῦσαι
971 3639 1035 3702 τῶν
1050 3637 1187 3719 δεσμῶν.

73 3736 237 3828 Φερεκύδης
255 3739 292 3806 δέ
306 3740 339 3806 ἐν
353 3740 491 3828 δευτέρην
514 3743 671 3830 Τυφῶνος
685 3741 742 3807 καί
753 3737 897 3830 Ἐχίδνης
907 3743 932 3824 1)
948 3743 1007 3828 τῆς
1025 3734 1189 3824 Φόρκυνός

8 3855 9 3924 l
70 3864 139 3927 φησι
159 3841 216 3911 τόν
239 3838 334 3910 άαιὸν
355 3841 412 3910 τὸν
434 3843 693 3931 ἐπιπεμφθέντα
711 3849 895 3932 Προμηθεῖ.
920 3838 974 3908 ὅτε
998 3841 1033 3907 δέ
1054 3842 1071 3906 ό
1094 3834 1189 3920 άετὸς

69 3936 173 4030 ῆσθιεν
198 3949 258 4036 τῆς
283 3947 405 4035 ἡμέρας
431 3949 491 4014 τοῦ
519 3943 665 4036 ῆπατος,
699 3944 738 4014 τὸ
767 3942 961 4030 λειπόμενον
989 3940 1103 4034 ηόξετο
1130 3947 1190 4033 τῆς

69 4047 168 4129 νυκτὸς
188 4051 245 4118 καί
269 4048 390 4139 ἐγίνετο
410 4047 493 4118 ἰ’σον.

70 4145 261 4158 Ἠ-

146 4192 165 4256 ¹)
184 4189 237 4244 on.
257 4206 279 4242 e.
292 4207 318 4260 g.
337 4188 584 4261 Apollodor.115,
604 4188 647 4256 11,
665 4188 706 4243 10.
782 4199 783 4203 ’
