3070 4910
768 271 981 335 ,48-

311 458 452 541 scholiis,
476 480 559 545 quae
583 457 624 522 ad
640 477 748 521 rerum
764 464 931 541 gestarum
949 457 1137 521 memoriam
1159 457 1336 542 pertinent,
1361 456 1469 521 idem

276 615 278 620 .
311 561 503 627 Callimachi
533 582 650 624 nomen
680 566 819 646 apparet
841 560 873 623 in
898 558 984 624 haud
1007 560 1121 645 paucis
1144 560 1231 638 aliis,
1264 559 1298 622 in
1329 561 1469 644 quibus

311 669 419 750 agitur
445 666 485 730 de
518 667 616 729 rebus
644 664 875 750 geographicis
903 665 956 728 vel
985 663 1025 727 de
1053 663 1300 748 antiquitatibus
1329 665 1466 728 simili-

310 771 436 854 busque
460 769 557 833 rebus
567 769 604 854 ¹).
643 768 725 832 Cum
749 788 826 832 vero
850 768 932 832 haec
957 788 1085 852 quoque
1102 768 1227 831 scholia
1250 767 1337 848 ideo,
1363 769 1466 853 quod

311 872 500 957 saepissime
517 872 618 936 verba
635 870 828 935 Callimachi
852 872 955 955 ipsius
972 871 1157 934 excitantur
1171 892 1233 935 neo
1257 892 1329 935 raro
1345 873 1465 936 inter-

312 997 447 1062 spersae
490 981 564 1038 sunt
600 974 828 1038 adnotationes
863 973 1054 1054 historicae,
1093 973 1240 1038 eiusdem
1282 975 1356 1054 viri,
1396 976 1465 1059 qui

312 1079 458 1141 intimam
486 1098 578 1141 suam
602 1077 795 1142 Callimachi
823 1077 978 1141 librorum
1005 1075 1260 1140 familiaritatem
1291 1078 1325 1141 in
1348 1081 1462 1144 meris

311 1182 452 1246 historiis
469 1180 618 1262 ostendit,
643 1182 782 1266 vestigia
804 1202 883 1268 prae
904 1203 940 1246 se
958 1180 1074 1259 ferant,
1098 1180 1186 1244 haud
1202 1181 1269 1245 scio
1293 1203 1335 1247 an
1350 1183 1462 1246 huius

313 1305 442 1370 quoque
465 1285 593 1369 generis
624 1285 821 1349 scholiorum
849 1307 914 1349 non
943 1305 1119 1370 paucorum
1148 1285 1237 1368 origo
1266 1286 1462 1370 repetenda
1507 1310 1508 1398 q

313 1390 355 1452 sit
378 1411 397 1451 a
419 1389 541 1452 libellis
565 1389 630 1453 illis
651 1388 873 1464 historiarum3
897 1388 1018 1474 quippe
1043 1409 1123 1472 quos
1141 1390 1315 1452 occasione
1339 1390 1462 1454 oblata

314 1490 355 1556 ad
367 1491 578 1574 antiquitates
590 1496 623 1554 et
635 1511 742 1554 mores
751 1489 789 1575 2),
802 1491 843 1555 ad
855 1490 1099 1576 geographiam,
1113 1490 1154 1552 ad
1166 1493 1401 1556 astronomiam
1414 1492 1459 1576 ³),

314 1595 355 1658 ad
372 1595 586 1658 animantium
602 1593 901 1679 descriptionem4),
924 1592 966 1658 ad
989 1593 1070 1657 alias
1095 1594 1217 1658 similes
1241 1615 1293 1658 res
1319 1602 1459 1681 specta·
1508 1592 1509 1662 l

313 1699 401 1762 visse
436 1698 505 1762 veri
546 1697 587 1760 sit
626 1697 839 1772 simillimum,
884 1698 911 1760 si
947 1697 1244 1761 Alexandrinorum
1280 1699 1454 1763 hominurn

315 1801 482 1865 doctorum
505 1822 626 1864 morem
650 1807 748 1886 atque
772 1800 1040 1865 consuetudinem
1064 1801 1332 1865 consideraveris.
1509 1874 1510 1912 ,

315 1936 318 1942 ·
398 1921 452 1984 Ad
469 1921 665 1985 sententiam
682 1942 787 1984 meam
806 1921 1059 1985 confirmandam
1072 1921 1154 1985 haec
1172 1920 1292 1985 adnoto
1307 1922 1454 1986 scholia:

402 2027 428 2086 1.
452 2022 492 2086 In
515 2023 590 2087 soh.
612 2022 721 2108 Apoll.
738 2023 755 2086 I
774 2026 865 2098 1165,
889 2023 974 2107 quod
997 2045 1094 2109 supra
1117 2023 1259 2087 diximus
1284 2027 1454 2110 pertinere

313 2127 354 2191 ad
377 2128 504 2191 Briarei
528 2125 686 2206 fabulam,
715 2127 870 2210 leguntur
896 2129 1116 2213 interspersae
1144 2129 1322 2192 nonnullae
1351 2135 1455 2192 notae

313 2230 567 2315 geographicae;
599 2230 631 2292 in
661 2229 775 2294 eodem
806 2231 909 2315 ipsius
934 2229 1126 2294 Callimachi
1156 2231 1237 2293 liber
1263 2230 1364 2316 „napi
1386 2232 1455 2295 τῶν

312 2328 396 2398 κατὰ
420 2328 478 2420 τὴν
498 2326 616 2397 Ἀσίαν
638 2338 820 2417 ποταμῶν“
842 2334 970 2398 citatur.

401 2440 431 2500 2.
458 2436 581 2499 Scholii
609 2437 649 2499 ad
677 2436 784 2522 Apoll.
806 2436 841 2499 ll
865 2440 926 2502 373
959 2437 1103 2500 maxima
1132 2457 1208 2522 pars
1242 2443 1393 2502 versatur
1420 2439 1457 2501 in

314 2543 412 2605 rebus
429 2540 668 2626 geographicis,
690 2540 747 2604 sed
764 2541 892 2604 initium
909 2540 1158 2627 capitaverbis,
1175 2561 1259 2624 quae
1274 2543 1457 2626 genuinam

314 2645 484 2708 historiam
509 2642 666 2707 indicant:
704 2642 797 2729 (373)
821 2639 927 2722 Δοίας
949 2641 1005 2708 καί
1020 2637 1155 2726 ’Ἀκμων
1177 2635 1332 2731 ἀδελφοί·
1363 2641 1456 2722 τίνος

314 2746 350 2812 δὲ
372 2741 508 2831 πατρός,
533 2739 569 2812 οὗ
587 2744 730 2834 φέρεται,
754 2741 798 2825 ὥς
813 2769 895 2834 φησι
913 2742 1107 2834 Φερεκύδης·
1131 2743 1273 2833 πλησίον
1288 2745 1334 2828 de‘,
1359 2771 1453 2837 φησι,

313 2851 372 2915 τοῦ
399 2845 561 2928 Δοίαντος
587 2845 706 2915 πεδίου
734 2845 800 2916 εἶσί
827 2853 914 2936 τρεῖς
943 2845 1071 2930 πόλεις,
1103 2845 1186 2916 ἔνθα
1217 2847 1389 2938 κατῴκουν
1417 2848 1454 2917 ori

308 2947 497 3036 Ἀμαζόνες,
518 2948 705 3033 Λυκαονία,
726 2949 914 3039 Θεμισκίρα
934 2952 990 3019 καί
1010 2950 1175 3041 Χαδησία.
1200 2950 1233 3020 oi
1249 2952 1285 3019 δὲ
1301 2950 1457 3038 Χάλυβες

314 3053 412 3134 ἔθνος
435 3051 601 3122 Σκυθικὸν
628 3052 713 3139 μετὰ
739 3051 797 3122 τὸν
823 3052 1054 3144 Θερμώδοντα,
1083 3051 1120 3122 οἳ
1142 3054 1287 3140 μέταλλα
1316 3055 1455 3148 σιδήρου

405 3248 425 3311 ¹)
438 3244 583 3298 Nonnulla
595 3243 735 3309 videlicet,
749 3261 821 3312 quae
834 3245 869 3298 ad
882 3245 1095 3314 grammaticam
1108 3245 1287 3315 disciplinam
1300 3247 1455 3315 pertinent,

317 3349 350 3385 ex
368 3331 480 3385 illorum
499 3346 614 3383 numero
633 3329 746 3384 omnino
765 3330 912 3384 eximenda
930 3335 1003 3385 sunt.

404 3421 426 3484 ²)
446 3415 509 3471 Vid.
529 3416 590 3470 Sch.
610 3417 910 3471 Theoor.1d.11151:
939 3417 1054 3470 εἰώθασι
1078 3414 1105 3469 δ’
1122 3419 1148 3471 οἱ
1169 3417 1284 3489 ἐρῶντες
1304 3418 1374 3489 ὑπὲρ
1400 3418 1455 3470 τῶν

316 3499 508 3574 ἀγαπωμένων
525 3501 652 3560 πλείονας
669 3502 789 3562 κυάθους
807 3503 971 3572 ἐποχεῖσθαι,
1008 3504 1191 3574 Καλλίμαχος·

515 3587 609 3657 Ἔγχει
626 3586 672 3640 καί
689 3588 772 3641 πάλιν
790 3591 848 3642 εἰπὲ
867 3591 998 3654 Acoridos,
1017 3585 1078 3641 οὐδ’
1095 3587 1224 3661 Ἀχελῷος

574 3674 665 3728 κείνου
683 3675 738 3727 τῶν
756 3677 837 3747 ἱερῶν
856 3676 1018 3729 αἰσθάνεται
1035 3675 1155 3728 κυάθων.

317 3763 365 3816 cfr.
385 3762 446 3816 Sch.
466 3763 557 3831 Apoll.
576 3763 590 3815 Ι
608 3763 675 3814 1019
699 3757 883 3830 (Ειίμενίδας),
907 3761 955 3816 nbi
978 3761 1052 3815 idem
1078 3763 1183 3816 citatur
1205 3761 1402 3816 Callimachus.
1423 3792 1454 3800 -

317 3849 379 3903 sch.
399 3849 490 3918 Apoll.
509 3851 551 3904 ΙΠ
570 3849 637 3902 1323
656 3843 786 3916 (duasve).

406 3936 427 4001 ³)
446 3933 509 3987 Vid.
532 3933 615 3998 illud,
640 3931 715 4000 quod
739 3934 775 3986 ad
794 3932 942 3985 Arcturum
964 3933 1074 4001 spectat
1097 3931 1245 3994 scholium,
1273 3931 1348 3999 quod
1371 3949 1455 4001 supra

318 4038 345 4088 p.
357 4021 392 4073 45
404 4036 444 4086 sq.
463 4018 603 4087 exscripsi.

406 4107 427 4168 ‘t
454 4103 519 4156 Vid.
544 4103 605 4158 Sch.
632 4104 747 4157 Theocr.
777 4103 816 4157 Id.
841 4104 868 4156 Π
888 4103 933 4166 17,
965 4118 1020 4169 quo
1054 4100 1174 4155 refertur
1207 4103 1240 4156 de
1269 4106 1368 4172 ,,ὶύγξ“
1395 4121 1454 4157 ave.

319 4189 470 4258 (Habemus
489 4193 528 4246 ibi
547 4205 658 4260 quoque
677 4187 841 4243 Callimachi
858 4187 980 4254 nornen.)
