3070 4910
703 245 913 312 ..12..

245 437 362 506 dantur
385 437 545 516 oratione,
580 439 666 525 quod
698 440 892 510 scholiorum
925 461 1028 525 genus
1052 437 1150 526 vulgo
1179 439 1239 506 sub
1270 461 1385 527 παρα-

245 541 395 631 moderor
418 545 547 608 nomine
563 543 680 618 fertur;
704 544 844 606 alterum
860 550 1009 609 versatur
1024 544 1057 607 in
1074 545 1265 608 enarrandis
1282 546 1384 609 rebus

244 648 483 733 mythologicis,
508 668 590 732 quae
607 648 810 712 narrationes
834 648 920 734 apud
937 647 1081 713 Graecos
1099 644 1243 733 ἱστορίαι
1267 651 1383 735 appel-

243 753 405 816 labantur.
450 751 559 837 Atque
588 752 628 815 de
651 751 765 816 harum
795 752 1001 815 historiarum
1031 752 1162 837 quidem
1185 754 1384 839 antiquitate

244 876 340 919 nemo
363 855 539 935 dubitabit,
570 855 624 940 qui
647 856 826 939 perlegerit
848 876 920 918 cum
951 856 1014 918 alia
1043 855 1168 920 scholia
1196 863 1265 920 tum
1289 858 1384 939 illud,

246 959 330 1044 quod
353 980 430 1022 vera
456 959 682 1022 Alexandrina
709 959 870 1022 imbutum
901 965 953 1022 est
981 959 1146 1041 doctrina,
1180 980 1242 1044 quo
1275 963 1387 1046 agitur

246 1062 287 1126 de
310 1062 401 1125 Pane
425 1061 485 1125 deo
509 1060 565 1147 (ad
588 1061 636 1125 Id.
653 1060 669 1123 Ι
686 1063 714 1140 3,
739 1061 775 1124 Ζ.
791 1082 823 1145 p.
840 1063 892 1143 6);
922 1063 1124 1126 accuratiore
1148 1068 1258 1126 autem
1282 1083 1385 1146 quae-

246 1165 351 1228 stione
375 1165 521 1249 indigeut
544 1164 772 1250 paraphrases,
798 1185 934 1248 quarum
958 1165 991 1227 in
1014 1165 1086 1249 ipsa
1103 1170 1219 1228 natura
1235 1186 1308 1228 cum
1326 1187 1387 1250 po-

247 1269 345 1332 situm
376 1268 434 1348 sit,
466 1274 502 1330 ut
531 1273 649 1352 poetae
681 1268 855 1330 verborum
886 1268 1026 1352 vestigia
1055 1268 1301 1332 accuratissime
1330 1291 1386 1333 se-

248 1377 397 1455 quantur,
421 1370 462 1434 de
484 1377 639 1456 tempore,
664 1391 727 1454 quo
752 1370 859 1433 sactae
883 1370 956 1450 sint,
980 1372 1061 1434 certi
1085 1372 1260 1456 quiequam
1283 1374 1386 1436 statui

247 1495 310 1537 nou
333 1480 450 1559 potest.

732 1848 838 1915 Oxrur
862 1848 907 1915 ΙΙ.

456 1969 516 2034 DE
542 1968 749 2035 SOHOLIIS
772 1968 1178 2035 PARAPHRASTIOIS.

783 2127 802 2210 ᾗ
828 2129 855 2190 1.

251 2249 355 2324 Quae
383 2247 511 2312 luerit
538 2247 709 2331 genuina
737 2246 976 2311 scholiorum
1000 2248 1390 2333 paraphrasticorum

752 2351 884 2414 forma.

338 2490 460 2574 Magna
488 2489 684 2552 scholiorum
716 2510 792 2574 pars
824 2488 893 2551 eius
923 2494 973 2551 est
997 2490 1143 2572 generis,
1178 2492 1264 2576 quod
1291 2515 1390 2579 para·

251 2595 417 2682 phrasium
432 2594 500 2657 sive
517 2592 769 2677 metaphrasium
787 2593 916 2657 nomine
938 2593 1215 2679 comprehendere
1232 2599 1388 2666 solemus.

252 2702 397 2775 Quarum
428 2700 634 2784 quantumvis
663 2699 792 2784 copiose
821 2705 854 2762 et
883 2698 1011 2763 abunde
1042 2700 1114 2764 sons
1143 2708 1273 2783 manet,
1303 2703 1390 2768 adeo

252 2809 362 2866 tamen
393 2802 580 2888 discrepant
610 2801 728 2885 singuli
761 2802 826 2865 loci
858 2803 944 2867 inter
976 2823 1011 2866 se
1042 2809 1139 2888 atque
1170 2805 1211 2868 ad
1242 2806 1390 2890 singulos

252 2912 371 2991 poetae
407 2905 494 2968 locos
528 2911 594 2968 tam
629 2905 761 2968 diversa
787 2912 838 2969 est
866 2905 1150 2992 paraphrasium1)
1185 2909 1316 2973 ubertas
1348 2949 1390 2957 -

253 3010 331 3094 quin
355 3009 453 3073 etiam
478 3014 530 3072 est
552 3008 607 3071 ubi
630 3009 760 3072 omnino
784 3009 938 3072 deficiant
960 3046 1016 3090 -,
1044 3016 1080 3073 ut
1103 3010 1187 3074 hanc
1210 3014 1391 3096 genuinam

252 3112 500 3198 paraphrasium
523 3112 660 3175 sormam
689 3111 790 3176 luisse
814 3112 946 3176 minime
971 3114 1215 3179 eoncedendum
1240 3117 1297 3198 sit,
1330 3118 1390 3182 sed

255 3218 421 3281 exstitisse
445 3217 522 3280 olim
545 3215 760 3301 paraphrasin
784 3215 966 3298 credamus,
991 3238 1075 3301 quae
1099 3221 1207 3283 omnia
1222 3220 1390 3286 Theocriti

254 3321 357 3386 verba
380 3318 561 3406 parimodo
586 3320 781 3404 respexerit,
806 3341 877 3383 cum
893 3322 1089 3406 praesertim
1112 3345 1175 3387 non
1198 3346 1271 3389 raro
1294 3326 1391 3412 plura

254 3430 373 3509 poetae
398 3423 498 3486 verba
527 3422 559 3485 in
591 3421 723 3486 scholiis
746 3422 1001 3508 paraphrasticis
1028 3426 1155 3490 reddita
1181 3429 1259 3510 sint,
1291 3451 1390 3514 quam

255 3548 339 3612 quae
362 3527 550 3592 necessario
567 3547 632 3590 una
655 3547 757 3611 opera
773 3527 971 3611 explicanda
987 3536 1089 3594 erant.
1128 3529 1244 3616 Itaque
1268 3554 1288 3595 a
1310 3554 1390 3597 vero

255 3653 320 3696 non
349 3633 446 3715 longe
475 3631 717 3712 aberrabimus,
746 3631 774 3694 si
798 3632 985 3697 continuam
1012 3656 1071 3719 per
1094 3636 1223 3721 singula
1245 3638 1392 3701 earmina

255 3734 484 3820 paraphrasin,
515 3734 607 3797 euius
636 3733 820 3818 fragmenta
849 3740 975 3799 tantum
999 3737 1176 3803 scholiasta
1199 3743 1391 3823 servaverit,

256 3842 333 3905 olim
344 3842 530 3927 perrexisse
542 3840 725 3916 credemus;
738 3842 962 3908 circumlatum
975 3845 1074 3929 igitur
1084 3848 1160 3911 olim
1174 3868 1247 3911 esse
1260 3848 1391 3930 librum,

345 4015 366 4080 ¹)
388 4012 525 4066 Vocabuli
553 4013 788 4082 „paraphraseom
813 4012 917 4082 plurali
944 4031 1060 4068 numero
1087 4034 1153 4072 usus
1180 4034 1241 4069 sum
1272 4035 1327 4071 non
1355 4018 1392 4071 ad

256 4099 366 4153 diversa
384 4099 444 4152 eius
461 4116 576 4168 genera,
599 4099 648 4154 sed
665 4099 702 4154 ad
720 4100 845 4169 singulos
864 4100 1031 4155 scholiorum
1049 4102 1136 4169 locos,
1161 4103 1210 4156 ubi
1229 4120 1262 4156 ea
1280 4103 1393 4158 obviam

256 4187 296 4252 fit,
315 4185 519 4255 significandos.
