3070 4910
588 290 781 354 *9*

201 476 228 544 I.
256 491 386 548 Ζάτεισαι
425 471 588 543 Αἰολικὸν
619 473 658 543 τὸ
693 472 841 561 ζότεισα,
884 474 937 547 διὸ
974 477 1031 546 καὶ
1069 474 1253 568 βαρύνεται.

112 581 301 649 συναπτέον
324 579 360 646 δέ
381 582 480 648 τοῦτο
502 585 574 659 τοῖς
588 577 711 646 ἐπάνω·
740 578 847 670 πόντη
871 583 907 649 δέ
929 585 1095 650 πλανᾶται
1112 585 1255 672 ζητοῦσα

113 681 225 753 αὐτόν.
249 681 497 772 εἰρωνευόμενος
519 684 555 750 δὲ
577 683 661 772 λέγει
684 681 769 772 πρὸς
791 679 900 753 αὐτόν·
929 681 1027 766 αότός
1048 684 1108 775 γὰρ
1130 690 1255 774 μᾶλλον

112 788 232 880 ἐζήτει.
256 787 313 856 διὰ
327 791 426 855 τοῦτο
441 787 498 855 καὶΙ
515 784 697 875 δύσερως.
719 788 804 870 τινὲς
819 788 856 854 δέ
871 812 981 878 φασιν,
1006 785 1051 869 ὡς
1066 785 1102 859 οὐ
1124 788 1180 857 διὰ
1195 789 1255 881 τὴν

113 891 273 984 Νύμφην,
303 887 386 958 ἀλλὰ
417 887 474 959 διὰ
499 889 559 981 την
586 895 645 959 τοῦ
674 893 837 978 βασιλέως
859 893 1039 981 θυγατέρα,
1070 889 1110 960 δι’
1136 885 1175 984 ἣν
1197 895 1253 961 καὶ

113 994 287 1086 ἐπηρώθη.

203 1102 248 1168 ΙΙ.
264 1095 402 1179 ’Ἄλλως
432 1117 562 1169 τατοῖσα.Ι
591 1097 754 1168 Αἰολικὸν
783 1093 855 1166 ἀντὶ
887 1102 947 1168 τοῦ
978 1101 1129 1188 ζητοῦσα.
1160 1096 1255 1182 εἰρω-

112 1203 242 1272 νεύεται
272 1202 323 1269 δέ·
353 1204 442 1291 ζητεῖ
474 1199 535 1289 γὰρ
565 1197 665 1284 αὐτὸς
696 1205 834 1288 μᾶλλον,
867 1199 904 1272 οὗ
934 1205 1088 1294 ζητεῖται·
1106 1198 1173 1270 ὑπὸ
1196 1206 1256 1293 τῆς

114 1306 268 1397 Νύμφης.
291 1303 314 1396 ἢ
335 1306 391 1373 καὶ
416 1304 677 1395 παρηγορητικός
699 1303 716 1374 ὁ
739 1305 843 1395 λόγος.

204 1413 268 1480 ΙΙΙ.
294 1407 340 1477 Τὸ
364 1411 401 1476 δὲ
422 1421 578 1509 ζητοῦσα
600 1405 659 1478 οὐκ
673 1409 742 1478 ἐστι
759 1408 917 1498 Δωρικόν·
941 1407 971 1479 εἰ
987 1407 1048 1498 γὰρ
1061 1401 1109 1500 ἦν,
1134 1415 1254 1511 εἴρητο
1331 1452 1333 1456 .

114 1517 202 1602 (cod.
216 1511 356 1602 εἴρηται)
371 1514 418 1589 ἂν
433 1515 588 1597 ζατοῦσα.
625 1515 725 1580 Ouios
742 1517 858 1581 scholii
872 1516 977 1581 forma
992 1538 1066 1580 cum
1080 1517 1254 1580 manifesto

113 1643 234 1685 manca
263 1626 361 1704 atque
389 1619 473 1683 falsa
497 1621 553 1702 sit,
581 1621 749 1684 meliorem
773 1642 814 1685 ex
838 1620 1001 1685 Ahrensio
1030 1619 1080 1705 (II
1101 1641 1133 1704 p.
1150 1622 1201 1699 69,
1220 1617 1255 1700 9)

113 1727 267 1791 adscribo
282 1726 383 1789 hanc:
405 1727 587 1789 Ζατοῖσα
602 1723 736 1811 βαρέως,
757 1723 831 1790 ἐπεὶ
844 1720 1016 1806 Αἰολικόν,
1034 1719 1086 1790 διὸ
1105 1719 1255 1810 σημαίνει

112 1825 154 1894 τὸ
176 1836 344 1924 ζητοῦσα.
369 1827 485 1904 Gen.¹³;
514 1823 544 1894 εἰ
567 1821 595 1893 δ’
618 1819 658 1916 ἦν
684 1823 846 1914 Δωρικόν,
879 1829 999 1927 εἴρητο
1027 1826 1074 1900 ἂν
1103 1825 1255 1907 ζατεῦσα.

112 1957 146 2020 p.
170 1932 271 1997 Geni

202 2141 281 2206 Tria
304 2147 414 2205 autem
442 2141 499 2205 illa
522 2140 562 2204 de
590 2140 708 2225 quibus
736 2140 804 2204 dixi
831 2141 1027 2204 scholiorum
1052 2159 1188 2225 corpora
1211 2160 1255 2202 ex

112 2246 232 2310 ecdem
257 2245 434 2330 praecipue
457 2244 546 2308 fonte
569 2243 686 2307 hausta
709 2263 782 2308 esse
807 2244 1022 2308 consideratis
1045 2244 1095 2307 his
1124 2242 1254 2306 scholiis

112 2351 249 2434 colligo:
272 2347 430 2433 Legimus
454 2347 495 2410 ad
517 2347 565 2411 ld.
590 2347 607 2410 Ι
629 2353 648 2410 4
673 2347 722 2430 (Z.
739 2369 771 2432 p.
786 2346 834 2431 6):

201 2453 227 2517 Ι.
254 2470 340 2520 Alsa:
364 2445 431 2515 εἴτε
455 2451 563 2538 τροπῇ
590 2450 649 2538 τῆς
675 2473 704 2515 ει
732 2446 779 2528 εἷς
802 2475 852 2528 αι,
882 2445 925 2515 τὸ
953 2448 990 2514 δὲ
1016 2473 1037 2513 α
1064 2449 1135 2513 τοῦ
1163 2470 1255 2513 συν·

111 2555 273 2640 ὄέσμου.
297 2552 477 2631 κακιῦςὸἐ
497 2551 685 2633 ἐξέτεινε,
709 2554 784 2618 τῶν
806 2551 991 2639 Δωριέων
1014 2549 1070 2630 εἷς
1093 2578 1115 2616 α
1133 2548 1254 2638 βραχὺ

111 2653 363 2746 τρεπόντων,
396 2650 445 2734 ὡς
465 2650 655 2742 ’Ἀρτεμις
673 2649 866 2742 ’Ἀρταμις
889 2708 897 2723 .
921 2707 928 2722 .
953 2707 961 2722 .
983 2652 1106 2722 κατιὼν
1138 2653 1253 2721 δὲκαὶ

111 2761 335 2830 συστέλλει

201 2867 247 2932 ΙΙ.
271 2884 358 2934 Αεκαι
385 2857 457 2929 ἀντὶ
480 2865 539 2930 τοῦ
561 2858 645 2929 εἴκεν
670 2861 741 2929 ἐστὶ
763 2859 801 2929 τὸ
825 2857 914 2928 αἴκα.
944 2855 1028 2927 ἀλλὰ
1050 2857 1109 2950 τὴν
1131 2886 1159 2927 ει
1182 2859 1255 2947 τρέ-

111 2992 237 3036 πουσιν
268 2964 316 3046 εἰς
343 2993 394 3048 αι,
429 2962 468 3033 τὸ
497 2965 534 3032 δέ
565 2993 582 3035 ε
608 2966 829 3054 τρέπουσιν
860 2963 917 3045 εἰς
947 2991 969 3030 α
995 2961 1139 3052 βραχύ,
1167 2955 1255 3029 οἷον

102 3065 511 3160 ’Ἀρτεμις’Ἀρταμις.
534 3073 665 3150 κακῶς
693 3062 749 3136 οὖν
771 3071 789 3136 ὁ
815 3065 992 3157 Θεόκριτος
1014 3066 1188 3134 ἐκτείνει
1211 3063 1252 3132 τό

111 3204 134 3243 α
156 3179 227 3243 τοῦ
251 3177 431 3259 δυναμικοῦ
453 3173 679 3259 συνδέσμου
701 3176 760 3241 τοῦ
782 3199 825 3239 κα
849 3174 935 3261 (cod.
959 3172 1020 3259 κε).

201 3281 264 3346 ΙΙΙ.
289 3330 297 3345 .
322 3330 329 3344 .
351 3280 428 3344 τῶν
450 3274 510 3365 γὰρ
533 3277 720 3365 Δωριέων
742 3274 801 3357 εἰς
823 3304 844 3343 α
867 3272 991 3364 βραχὺ
1013 3270 1253 3362 τρεπόντων,

112 3373 212 3463 οὗτος
234 3381 410 3473 ἐξέτεινε
430 3381 499 3448 καὶ
523 3381 786 3449 συνέστειλεν.

204 3489 350 3568 Sufficit,
378 3494 416 3552 ut
444 3508 527 3572 quae
549 3488 650 3552 verba
673 3489 770 3551 latius
794 3483 932 3550 diductis
955 3485 1071 3549 litteris
1095 3502 1255 3568 expressa

112 3599 192 3658 sunt
224 3594 310 3656 inter
346 3612 381 3656 se
414 3596 657 3676 comparentur:
698 3591 808 3654 statim
844 3589 1030 3675 apparebit,
1065 3609 1108 3651 ex
1139 3584 1253 3649 eodem

111 3697 239 3763 scholio
263 3695 346 3760 haec
369 3694 477 3758 omnia
500 3715 573 3759 esse
597 3693 753 3758 derivata.

112 3886 211 3956 potius
224 3881 343 3946 ,ζάτοισα
361 3881 545 3937 scribendum.
582 3881 641 3936 Hoc
658 3897 723 3936 vero
747 3884 808 3936 lum
831 3880 943 3936 demum
959 3896 1023 3934 vere
1042 3875 1185 3932 Aeolicum
1203 3879 1254 3944 est,

112 3974 137 4028 si
163 3991 182 4026 a
206 3970 293 4033 ζατόω
320 3969 443 4036 ducitur3
475 3986 493 4022 a
516 3970 600 4037 ζητέω
617 3968 742 4028 ,Aeolica
767 3968 911 4039 participii
938 3966 1067 4020 feminini
1094 3965 1184 4020 forma
1212 3968 1255 4019 est

113 4061 240 4124 ζάτεισο,
264 4057 340 4126 quod
362 4057 454 4125 ipsum
478 4055 508 4110 in
530 4060 630 4126 poetae
655 4057 747 4111 verbis
771 4055 871 4126 optimi
899 4053 965 4108 libri
988 4054 1007 4106 k
1026 4054 1071 4106 Db
1093 4052 1253 4123 praebent.“

112 4145 253 4202 Nonnulli
266 4143 373 4198 codices
387 4143 537 4198 deteriores
549 4146 656 4199 habent
668 4138 774 4206 §arsid
786 4144 845 4197 sive
857 4143 985 4205 ζατεῦσα;
1004 4141 1050 4194 cfr.
1061 4139 1199 4194 Theocrit.
1210 4138 1253 4195 ed.

112 4232 369 4289 Fritzsche·Hiller
387 4231 510 4302 (Lipsiae
529 4234 607 4296 1881)
626 4230 798 4296 „Kritischcr
815 4231 953 4300 Anhang“
972 4247 1000 4300 p.
1013 4229 1072 4284 322.
