3070 4910
570 287 785 348 ..53-

103 476 231 540 toribus
248 497 292 540 ex
309 476 469 540 Charonis
486 473 606 539 libellis
623 479 780 560 excerpta
803 480 889 554 sunt,
912 474 1097 538 continetur
1120 475 1244 560 pretio-

105 581 237 645 sissima
260 588 294 646 et
317 580 548 665 antiquissima
571 579 769 643 scholiorum
793 578 1059 643 Theocriteorum
1082 600 1168 663 pars.

576 892 780 901 ——-—-——-.-.

585 1199 690 1265 Garun
713 1199 772 1264 IV.

201 1356 261 1420 Dll
287 1355 498 1422 SOHOLIIS
522 1353 585 1418 ux
606 1353 933 1419 ETYMOLOGIOO
956 1353 1151 1428 QUODAM

523 1457 822 1524 DEPROMPTIS.

193 1614 285 1689 Quod
321 1613 618 1679 demonstravimus
648 1613 824 1697 genuinum
855 1612 946 1676 illum
975 1613 1243 1679 commentarium

109 1717 337 1784 Theocriteum
376 1717 554 1804 praecipue
595 1717 808 1801 compositum
843 1738 915 1781 esse
950 1738 993 1781 ex
1028 1717 1173 1780 historiis
1211 1723 1244 1780 et

110 1825 311 1909 paraphrasi,
332 1822 365 1886 id
381 1822 591 1886 confirmatur
606 1820 801 1885 scholiorum
816 1821 865 1885 Id.
879 1821 896 1884 I
912 1822 1074 1907 exemplo,
1090 1843 1110 1886 a
1125 1823 1243 1906 quihus

111 1927 136 1989 si
157 1928 384 2014 segregaveris
409 1926 587 2012 particulas
609 1925 783 1990 historicas
807 1932 840 1989 et
862 1926 1133 2012 paraphrasticos,
1158 1948 1241 2011 quae

110 2037 230 2095 restant
250 2052 357 2117 paene
375 2030 484 2094 omnia
505 2030 670 2116 pertinent
693 2029 734 2094 ad
749 2031 919 2115 vulgarem
943 2031 1134 2116 posterioris
1158 2037 1241 2095 tem-

110 2135 193 2215 poris
216 2135 397 2199 doctrinam
420 2133 659 2198 scholasticam.

191 2255 263 2319 Non
287 2257 456 2338 vulgarem
480 2254 612 2340 quidem
635 2254 831 2336 doctrinam,
856 2261 1001 2320 attamen
1023 2256 1240 2321 recentiorem

112 2367 250 2424 aetatem
272 2359 423 2424 redolent
451 2381 491 2423 ea
515 2358 655 2436 scholia,
685 2380 768 2443 quae
792 2381 834 2422 ex
856 2359 1078 2445 Etymologici
1101 2360 1240 2445 quodam

113 2465 286 2548 exemplari
299 2463 497 2548 transcripta
508 2461 669 2526 videntur.
705 2460 800 2535 Quod
816 2464 986 2547 exemplar
998 2464 1096 2548 paulo
1110 2463 1240 2547 quidem

111 2567 242 2651 amplius
274 2567 377 2630 fuisse
412 2567 476 2646 eis,
512 2587 596 2650 quae
630 2566 767 2629 contulit
801 2565 995 2630 (iaisfcrdus
1029 2568 1062 2629 in
1095 2566 1240 2632 editione

111 2667 321 2755 Etymologici
344 2671 442 2754 vulgo
468 2670 581 2753 Magni
604 2670 774 2755 appellati,
802 2676 899 2754 atque
923 2670 954 2733 ci
977 2671 1132 2751 similius,
1156 2672 1241 2755 quod

111 2775 242 2856 primum
278 2797 322 2838 ex
362 2772 473 2837 codice
507 2773 698 2837 Florentino
732 2794 816 2838 saec.
846 2772 879 2835 X
913 2772 1016 2836 edidit
1046 2773 1242 2860 Emmanuel

110 2873 212 2942 Miller
236 2877 422 2962 (Melanges
452 2876 492 2941 de
520 2875 702 2940 litterature
731 2897 872 2960 grecquc
903 2878 983 2939 1868
1011 2899 1042 2962 p.
1068 2880 1239 2964 11—318),

110 2978 223 3046 iudicat
246 2983 350 3046 maior
365 2989 542 3061 auctorum,
566 2981 621 3064 qui
638 2981 833 3060 excitantur,
856 3001 1019 3046 numerus.
1059 2981 1241 3046 Versantur

110 3092 213 3149 autem
236 3086 319 3150 haec
343 3084 467 3148 scholia
491 3085 665 3169 praecipue
689 3085 722 3147 in
743 3084 842 3148 rebus
866 3085 908 3148 ad
931 3085 1162 3170 etymologiam
1186 3087 1239 3148 vel

110 3186 146 3249 ad
168 3188 372 3274 singulorum
395 3187 568 3252 verborum
599 3189 870 3272 significationem
902 3195 935 3252 et
963 3210 1058 3252 usum
1088 3196 1238 3273 spectan-

109 3291 186 3358 tibus
203 3293 238 3378 ¹).

186 3413 319 3477 Dixerit
329 3412 492 3497 quispiam
504 3413 687 3476 ccnsentire
700 3412 764 3475 ista
777 3412 902 3476 scholia
911 3433 984 3477 cum
993 3411 1238 3499 Etymclogicis,

109 3535 166 3580 non
190 3516 279 3601 quod
303 3537 346 3578 ex
369 3515 419 3578 his
443 3514 636 3600 deprompta
659 3516 734 3594 sint,
758 3515 816 3579 sed
840 3515 925 3600 quod
949 3516 1172 3580 emanaverint
1196 3539 1239 3580 ex

107 3616 220 3701 isdem,
251 3639 269 3680 e
300 3619 417 3702 quihus
441 3617 662 3702 Etymologici
685 3619 897 3706 archetypus,
920 3621 1083 3698 lentibus,
1105 3621 1127 3685 i.
1144 3640 1172 3684 e.
1196 3642 1239 3684 ex

108 3721 347 3786 commentariis
378 3741 491 3784 eorum
521 3720 689 3783 hominum
716 3720 899 3803 doctorum,
933 3722 988 3806 qui
1009 3720 1152 3805 Augusti
1183 3729 1239 3785 aut

107 3819 262 3888 Hadriani
286 3828 342 3886 aut
364 3823 536 3886 Iustiniani
558 3829 667 3888 aetate
688 3824 863 3890 Theocrito
887 3823 1080 3909 explicando
1104 3845 1238 3909 operam

107 3923 261 3992 dederint.
307 3924 371 3998 Qui
400 3948 517 3992 vereor
544 3949 586 3992 ne
610 3930 718 3992 statim
746 3930 817 4014 ipsc
841 3927 1037 3992 sententiam
1060 3926 1179 4009 mutet,
1211 3931 1239 3993 si

187 4136 208 4200 ¹)
231 4130 327 4200 Digna
349 4131 478 4200 inprimis
503 4150 575 4201 quac
603 4130 754 4200 separatim
781 4131 976 4185 examinentur
1000 4148 1033 4184 ea
1058 4135 1136 4197 sunt,
1166 4150 1239 4201 quae

106 4218 244 4285 pertinent
262 4217 299 4271 ad
317 4218 461 4284 dialectos,
480 4219 514 4273 de
533 4219 634 4288 quibus
652 4217 716 4272 vide
734 4217 808 4271 infra
825 4237 852 4287 p.
866 4219 909 4272 62.
