3070 4910
768 318 982 382 ..20-

391 508 496 573 Deest
517 507 727 594 paraphrasis
751 508 792 572 ad
814 529 844 571 v.
862 511 891 575 4.

392 611 442 697 (5)
464 611 562 691 πῶς,
586 605 695 698 φησίν,
719 602 787 675 οὐκ
810 602 1028 696 ἀργότερος
1049 604 1117 696 ἔσῃ
1133 603 1354 696 προϊούσης
1375 611 1450 699 τῆς

304 712 469 802 ἡμέρας,
493 709 620 779 ὁπότε
639 714 705 777 νῦν
720 705 940 800 ἀρχόμενος
960 713 1031 801 τῆς
1052 704 1325 797 ἕργασίαςοῦκ
1340 705 1448 778 ἀπο-

304 816 461 901 τέμνεις
482 819 551 905 τῆς
574 810 751 895 addanae
774 809 906 897 οὐδέν,

390 921 520 986 Desunt
542 919 660 985 deinde
680 941 732 986 vv.
748 923 765 983 7
784 926 816 984 et
833 922 864 983 8.
900 919 1056 1006 Suspicor
1079 926 1189 984 autem
1206 920 1331 1000 scholii,
1356 920 1445 1005 quod

304 1026 443 1110 legimus
474 1025 516 1089 ad
546 1023 742 1089 vocabulum
764 1036 940 1109 Ἀιεράμνου,
970 1023 1108 1088 verbum
1135 1018 1267 1110 λιθίνης
1294 1023 1444 1110 (supple:

303 1127 438 1215 πέτρης)
462 1119 747 1214 οο1ἇναισθήτου
770 1147 921 1190 manasse
945 1146 988 1191 ex
1010 1127 1157 1212 pleniore
1179 1128 1385 1213 paraphrasi.

390 1251 438 1332 (9)
461 1245 546 1312 Καὶ
573 1242 686 1325 ε’κτός
716 1248 790 1312 τοῦ
817 1246 1099 1335 προκειμένου
1129 1244 1246 1336 ἔργου
1274 1247 1444 1335 γίνεται

303 1347 451 1432 πόθος,·
940 1427 943 1431 ,

389 1454 495 1520 Deest
517 1455 726 1542 paraphrasis
750 1453 792 1518 ad
815 1475 845 1519 v.
864 1457 913 1519 10.

394 1576 464 1663 (11)
487 1572 699 1657 Χαλεπόν,
724 1571 837 1664 φησίν,
862 1573 1027 1662 ἐντέρων
1049 1571 1148 1642 κύνα
1171 1578 1322 1663 γεῦσαι.

390 1697 460 1781 (12)
484 1692 529 1762 Σὺ
543 1692 611 1780 μέν,
632 1692 741 1784 φησίν,
766 1689 948 1783 ἀπείρατος
963 1691 1082 1781 ἔρωτος
1098 1691 1279 1782 τυγχάνεις·
1302 1694 1379 1783 ἐγὼ
1402 1701 1423 1765 d
1429 1699 1445 1765 ἑ

302 1799 375 1885 ἐρῶ
397 1795 449 1866 ια’
471 1798 618 1888 ἡμέρας
639 1794 723 1889 ἤδη.

390 1921 460 2006 (13)
484 1916 630 2000 ἔοικας,
656 1916 765 2007 φησίν,
789 1918 830 1986 ἐκ
851 1916 1099 2005 περιουσίας
1121 1913 1287 1988 ἀντλεῖν.

389 2023 536 2087 Alteram
549 2043 662 2088 versus
678 2026 717 2087 13
732 2030 859 2109 partem
873 2025 1027 2110 supplere
1040 2046 1215 2110 possumus
1229 2049 1271 2092 ex
1283 2027 1443 2092 Ahrensii

302 2127 455 2209 editione,
479 2127 537 2191 ubi
558 2127 697 2211 legimus
722 2125 770 2208 (ΙΙ
792 2149 823 2212 p.
842 2129 915 2208 316,
927 2130 978 2211 ²)=

388 2223 460 2314 ἐγώ
483 2227 524 2293 δὲ
545 2224 621 2309 ἔχω
645 2221 725 2294 οὐδ’
753 2224 846 2307 ἅλις
870 2222 1000 2310 ’σ’ξους.

388 2332 560 2414 Vocabulo
581 2328 768 2417 περιουσία,
793 2334 879 2418 quod
903 2333 1045 2419 (omissis
1068 2334 1133 2399 illis
1155 2335 1331 2418 adverbiis,
1355 2357 1440 2421 quae

300 2438 521 2523 posteriorum
551 2442 735 2522 temporum
766 2437 950 2501 scholiastis
978 2437 1061 2503 adeo
1088 2439 1121 2501 in
1144 2438 1270 2503 delioiis
1295 2447 1380 2520 sunt,
1404 2449 1441 2506 ut
1516 2423 1517 2443 ί

301 2542 363 2606 hoe
385 2542 563 2628 praecipue
585 2542 656 2605 loeo
679 2547 870 2627 propterea,
902 2541 989 2627 quod
1017 2548 1116 2628 poeta
1142 2565 1202 2629 per
1230 2546 1440 2630 proverbium
1515 2559 1516 2574 ¹

300 2646 455 2730 loquitur,
477 2645 547 2709 sine
563 2643 662 2708 dubio
679 2645 726 2708 eis
743 2646 833 2708 usuri
849 2642 984 2730 luerint)
1005 2646 1136 2730 ponitur
1150 2668 1208 2733 pro
1223 2668 1304 2711 roae
1320 2643 1439 2728 πίθος,

302 2750 434 2833 egregie
464 2749 645 2813 illustratur
676 2749 865 2813 vetustioris
896 2749 1136 2835 paraphraseos
1166 2751 1439 2837 breviloquentia,

301 2852 342 2916 de
366 2873 430 2939 qua
454 2852 726 2939 supradiximus.
1513 2877 1514 2942 p

387 2956 513 3022 Versus
539 2962 577 3020 14
605 2956 816 3042 paraphrasis
850 2961 980 3021 servata
1010 2978 1076 3021 non
1104 2962 1170 3038 est,
1203 2958 1323 3043 quippe
1347 2959 1439 3024 euius

300 3060 501 3124 intricatiore
536 3060 699 3124 sententia
736 3058 883 3143 longiora
917 3059 1042 3123 scholia
1072 3060 1313 3145 flagitarentur‚
1353 3082 1438 3147 quae
1512 3027 1513 3111 l

300 3164 478 3247 genuinam
498 3162 712 3249 paraphrasin
734 3162 886 3227 videntur
909 3163 1128 3228 absorbuisse.

387 3265 576 3330 Proximam
609 3264 825 3351 paraphrasin
859 3265 998 3351 legimus
1036 3265 1077 3329 ad
1109 3287 1223 3331 versus
1257 3271 1295 3330 15
1335 3270 1439 3335 verba
1510 3319 1511 3322 η

302 3384 320 3436 οἱ
338 3383 483 3454 Πολυβώτα
502 3369 623 3441 ,mint

387 3472 458 3559 (15)
481 3496 544 3556 με,
576 3468 674 3560 φησί,
703 3469 944 3556 λυμαίνεται
968 3468 1116 3560 θυγάτηρ
1145 3467 1168 3562 ἢ
1195 3469 1388 3559 θεράπαινα
1400 3477 1435 3559 ῑ),

300 3567 323 3665 ἣ
344 3572 481 3664 πρώην
503 3573 823 3664 ἡμῖνθερίζουσι
845 3570 933 3664 παρ’
954 3571 1198 3644 Ἱπποκόιονι
1214 3573 1299 3644 οὕτω
1316 3580 1436 3646 καλου·
1508 3633 1509 3636 ,

300 3679 386 3770 μένῳ
410 3676 640 3771 προσηύλει.
1507 3639 1509 3777 (

386 3786 512 3859 Quodsi
541 3786 582 3850 ab
615 3786 712 3850 huius
738 3785 854 3851 scholii
884 3786 991 3850 verbis
1018 3781 1166 3873 θυγάτηρ
1193 3781 1215 3874 ἢ
1244 3782 1435 3872 θεράπαινα

301 3895 334 3954 et
362 3884 447 3954 odam
477 3887 665 3976 καλουμένῳ
693 3891 886 3972 recesseris,
923 3890 1087 3956 obtinebis
1115 3893 1329 3977 paraphrasin
1361 3916 1433 3959 eum

300 3993 468 4058 Theocriti
489 4001 583 4060 textu
603 3994 645 4058 ad
662 3993 797 4059 verbum
813 4001 1064 4080 congruentem
1087 4015 1194 4080 neque
1217 3995 1352 4061 dubium
1376 4005 1434 4080 est,

387 4169 407 4234 ¹)
427 4169 459 4221 In
477 4170 587 4222 textum
605 4166 766 4238 recipienda
784 4169 850 4221 sunt
866 4169 952 4223 verba
970 4169 1073 4225 codicis
1091 4167 1216 4240 θυγάτηρ
1234 4166 1252 4238 ἢ
1268 4168 1434 4240 θεράπαινα,

299 4268 371 4322 quae
389 4269 445 4322 quo
463 4252 523 4308 iure
542 4253 682 4323 Zieglerus
700 4251 836 4320 reiecerit,
855 4253 956 4309 neseio.
1350 4249 1354 4260 '
