<?xml version="1.0" encoding="UTF-8"?>
<!DOCTYPE html PUBLIC "-//W3C//DTD XHTML 1.0 Transitional//EN"
    "http://www.w3.org/TR/xhtml1/DTD/xhtml1-transitional.dtd">
<html xmlns="http://www.w3.org/1999/xhtml" xml:lang="en" lang="en">
 <head>
  <title>
</title>
<meta http-equiv="Content-Type" content="text/html;charset=utf-8" />
  <meta name='ocr-system' content='tesseract 3.04.00' />
  <meta name='ocr-capabilities' content='ocr_page ocr_carea ocr_par ocr_line ocrx_word'/>
</head>
<body>
  <div class='ocr_page' id='page_1' title='image "./descholiistheoc00buckgoog_0050.png"; bbox 0 0 3070 4910; ppageno 0'>
   <div class='ocr_carea' id='block_1_1' title="bbox 527 238 740 300">
    <p class='ocr_par' dir='ltr' id='par_1_1' title="bbox 527 238 740 300">
     <span class='ocr_line' id='line_1_1' title="bbox 527 238 740 300; baseline 0.009 -18"><span class='ocrx_word' id='word_1_1' title='bbox 527 238 740 300; x_wconf 76' lang='lat'><strong>..45-</strong></span> 
     </span>
    </p>
   </div>
   <div class='ocr_carea' id='block_1_2' title="bbox 46 417 1199 1134">
    <p class='ocr_par' dir='ltr' id='par_1_2' title="bbox 46 417 1199 605">
     <span class='ocr_line' id='line_1_2' title="bbox 46 417 1199 512; baseline 0.012 -32"><span class='ocrx_word' id='word_1_2' title='bbox 46 417 114 502; x_wconf 89' lang='lat' dir='ltr'><strong>quod</strong></span> <span class='ocrx_word' id='word_1_3' title='bbox 134 421 276 485; x_wconf 89' lang='lat' dir='ltr'><strong>ultimo</strong></span> <span class='ocrx_word' id='word_1_4' title='bbox 304 421 383 484; x_wconf 91' lang='lat' dir='ltr'><strong>loco</strong></span> <span class='ocrx_word' id='word_1_5' title='bbox 405 421 510 506; x_wconf 79' lang='lat' dir='ltr'><strong>posui,</strong></span> <span class='ocrx_word' id='word_1_6' title='bbox 534 442 650 486; x_wconf 85' lang='lat' dir='ltr'><strong>verum</strong></span> <span class='ocrx_word' id='word_1_7' title='bbox 673 443 746 488; x_wconf 89' lang='lat' dir='ltr'><strong>esse</strong></span> <span class='ocrx_word' id='word_1_8' title='bbox 769 424 820 489; x_wconf 92' lang='lat' dir='ltr'><strong>his</strong></span> <span class='ocrx_word' id='word_1_9' title='bbox 844 427 1047 512; x_wconf 91' lang='lat' dir='ltr'><strong>comprobari</strong></span> <span class='ocrx_word' id='word_1_10' title='bbox 1071 429 1199 495; x_wconf 87' lang='lat' dir='ltr'><strong>videtur</strong></span> 
     </span>
     <span class='ocr_line' id='line_1_3' title="bbox 48 525 270 605; baseline 0.018 -23"><span class='ocrx_word' id='word_1_11' title='bbox 48 525 270 605; x_wconf 81' lang='lat' dir='ltr'>argumentis:</span> 
     </span>
    </p>

    <p class='ocr_par' dir='ltr' id='par_1_3' title="bbox 47 627 1198 1134">
     <span class='ocr_line' id='line_1_4' title="bbox 116 627 1197 715; baseline 0.009 -23"><span class='ocrx_word' id='word_1_12' title='bbox 116 628 265 693; x_wconf 83' lang='lat' dir='ltr'><strong>Multae</strong></span> <span class='ocrx_word' id='word_1_13' title='bbox 306 634 384 691; x_wconf 90' lang='lat' dir='ltr'><strong>snut</strong></span> <span class='ocrx_word' id='word_1_14' title='bbox 418 627 563 710; x_wconf 85' lang='lat' dir='ltr'><strong>fabulae,</strong></span> <span class='ocrx_word' id='word_1_15' title='bbox 602 651 682 715; x_wconf 88' lang='lat' dir='ltr'><strong>quas</strong></span> <span class='ocrx_word' id='word_1_16' title='bbox 718 653 789 696; x_wconf 90' lang='lat' dir='ltr'><strong>cnm</strong></span> <span class='ocrx_word' id='word_1_17' title='bbox 822 639 878 697; x_wconf 91' lang='lat' dir='ltr'><strong>aut</strong></span> <span class='ocrx_word' id='word_1_18' title='bbox 907 635 1101 700; x_wconf 81' lang='lat' dir='ltr'><strong>Theocritus</strong></span> <span class='ocrx_word' id='word_1_19' title='bbox 1132 659 1197 701; x_wconf 93' lang='lat' dir='ltr'><strong>non</strong></span> 
     </span>
     <span class='ocr_line' id='line_1_5' title="bbox 48 731 1198 820; baseline 0.012 -28"><span class='ocrx_word' id='word_1_20' title='bbox 48 733 187 816; x_wconf 85' lang='lat' dir='ltr'><strong>attigerit</strong></span> <span class='ocrx_word' id='word_1_21' title='bbox 215 739 284 796; x_wconf 83' lang='lat' dir='ltr'><strong>aut</strong></span> <span class='ocrx_word' id='word_1_22' title='bbox 302 731 509 817; x_wconf 88' lang='lat' dir='ltr'><strong>Apollonius,</strong></span> <span class='ocrx_word' id='word_1_23' title='bbox 534 754 574 796; x_wconf 92' lang='lat' dir='ltr'><strong>ne</strong></span> <span class='ocrx_word' id='word_1_24' title='bbox 597 735 631 796; x_wconf 94' lang='lat' dir='ltr'><strong>in</strong></span> <span class='ocrx_word' id='word_1_25' title='bbox 657 733 788 799; x_wconf 81' lang='lat' dir='ltr'><strong>scholiis</strong></span> <span class='ocrx_word' id='word_1_26' title='bbox 812 736 943 820; x_wconf 91' lang='lat' dir='ltr'><strong>quidem</strong></span> <span class='ocrx_word' id='word_1_27' title='bbox 964 745 1019 802; x_wconf 86' lang='lat' dir='ltr'><strong>aut</strong></span> <span class='ocrx_word' id='word_1_28' title='bbox 1035 740 1067 803; x_wconf 89' lang='lat' dir='ltr'><strong>in</strong></span> <span class='ocrx_word' id='word_1_29' title='bbox 1084 736 1198 820; x_wconf 84' lang='grc' dir='ltr'><strong>,,1στο-</strong></span> 
     </span>
     <span class='ocr_line' id='line_1_6' title="bbox 47 835 1197 920; baseline 0.007 -20"><span class='ocrx_word' id='word_1_30' title='bbox 47 836 134 918; x_wconf 83' lang='grc' dir='ltr'><strong><em>ριῶν“</em></strong></span> <span class='ocrx_word' id='word_1_31' title='bbox 157 839 260 901; x_wconf 90' lang='lat' dir='ltr'><strong>librc</strong></span> <span class='ocrx_word' id='word_1_32' title='bbox 288 835 330 900; x_wconf 84' lang='lat' dir='ltr'><strong>ad</strong></span> <span class='ocrx_word' id='word_1_33' title='bbox 350 836 564 920; x_wconf 88' lang='lat' dir='ltr'><strong>Apollonium</strong></span> <span class='ocrx_word' id='word_1_34' title='bbox 588 844 645 900; x_wconf 90' lang='lat' dir='ltr'><strong>aut</strong></span> <span class='ocrx_word' id='word_1_35' title='bbox 668 838 709 902; x_wconf 83' lang='lat' dir='ltr'><strong>ad</strong></span> <span class='ocrx_word' id='word_1_36' title='bbox 732 839 943 904; x_wconf 81' lang='lat' dir='ltr'><strong>Theocritum</strong></span> <span class='ocrx_word' id='word_1_37' title='bbox 968 842 1115 908; x_wconf 90' lang='lat' dir='ltr'><strong>confecto</strong></span> <span class='ocrx_word' id='word_1_38' title='bbox 1139 844 1197 907; x_wconf 91' lang='lat' dir='ltr'><strong>ad-</strong></span> 
     </span>
     <span class='ocr_line' id='line_1_7' title="bbox 49 940 1197 1032; baseline 0.008 -30"><span class='ocrx_word' id='word_1_39' title='bbox 49 941 215 1004; x_wconf 84' lang='lat' dir='ltr'><strong>scribendi</strong></span> <span class='ocrx_word' id='word_1_40' title='bbox 250 959 355 1004; x_wconf 84' lang='lat' dir='ltr'><strong>causa</strong></span> <span class='ocrx_word' id='word_1_41' title='bbox 384 946 470 1011; x_wconf 90' lang='lat' dir='ltr'><strong>erat;</strong></span> <span class='ocrx_word' id='word_1_42' title='bbox 501 940 584 1004; x_wconf 89' lang='lat' dir='ltr'><strong>aliae</strong></span> <span class='ocrx_word' id='word_1_43' title='bbox 614 947 703 1019; x_wconf 84' lang='lat' dir='ltr'><strong>sunt,</strong></span> <span class='ocrx_word' id='word_1_44' title='bbox 731 964 867 1026; x_wconf 90' lang='lat' dir='ltr'><strong>quarum</strong></span> <span class='ocrx_word' id='word_1_45' title='bbox 890 951 1028 1031; x_wconf 88' lang='lat' dir='ltr'><strong>uterquc</strong></span> <span class='ocrx_word' id='word_1_46' title='bbox 1052 946 1197 1032; x_wconf 90' lang='lat' dir='ltr'><strong>singulas</strong></span> 
     </span>
     <span class='ocr_line' id='line_1_8' title="bbox 48 1043 1197 1134; baseline 0.005 -26"><span class='ocrx_word' id='word_1_47' title='bbox 48 1066 94 1108; x_wconf 91' lang='lat' dir='ltr'><strong>res</strong></span> <span class='ocrx_word' id='word_1_48' title='bbox 127 1045 295 1108; x_wconf 82' lang='lat' dir='ltr'><strong>diversas</strong></span> <span class='ocrx_word' id='word_1_49' title='bbox 329 1043 489 1126; x_wconf 85' lang='lat' dir='ltr'><strong>respexit,</strong></span> <span class='ocrx_word' id='word_1_50' title='bbox 527 1063 667 1127; x_wconf 84' lang='lat' dir='ltr'><strong>eaeque,</strong></span> <span class='ocrx_word' id='word_1_51' title='bbox 702 1052 738 1108; x_wconf 91' lang='lat' dir='ltr'><strong>ut</strong></span> <span class='ocrx_word' id='word_1_52' title='bbox 767 1067 827 1130; x_wconf 93' lang='lat' dir='ltr'><strong>par</strong></span> <span class='ocrx_word' id='word_1_53' title='bbox 857 1053 923 1126; x_wconf 88' lang='lat' dir='ltr'><strong>est,</strong></span> <span class='ocrx_word' id='word_1_54' title='bbox 957 1051 1134 1134; x_wconf 89' lang='lat' dir='ltr'><strong>praecipue</strong></span> <span class='ocrx_word' id='word_1_55' title='bbox 1164 1051 1197 1114; x_wconf 95' lang='lat' dir='ltr'><strong>in</strong></span> 
     </span>
    </p>
   </div>
   <div class='ocr_carea' id='block_1_3' title="bbox 51 1146 1196 1959">
    <p class='ocr_par' dir='ltr' id='par_1_4' title="bbox 51 1146 1196 1959">
     <span class='ocr_line' id='line_1_9' title="bbox 52 1146 1196 1238; baseline 0.007 -28"><span class='ocrx_word' id='word_1_56' title='bbox 52 1148 182 1212; x_wconf 81' lang='lat' dir='ltr'><strong>scholiis</strong></span> <span class='ocrx_word' id='word_1_57' title='bbox 218 1146 451 1232; x_wconf 89' lang='lat' dir='ltr'><strong>respiciuntur.</strong></span> <span class='ocrx_word' id='word_1_58' title='bbox 493 1146 607 1210; x_wconf 89' lang='lat' dir='ltr'><strong>Veluti</strong></span> <span class='ocrx_word' id='word_1_59' title='bbox 633 1147 733 1212; x_wconf 89' lang='lat' dir='ltr'><strong>Panis</strong></span> <span class='ocrx_word' id='word_1_60' title='bbox 764 1169 836 1212; x_wconf 92' lang='lat' dir='ltr'><strong>cum</strong></span> <span class='ocrx_word' id='word_1_61' title='bbox 867 1151 954 1234; x_wconf 87' lang='lat' dir='ltr'><strong>apud</strong></span> <span class='ocrx_word' id='word_1_62' title='bbox 985 1151 1196 1238; x_wconf 84' lang='lat' dir='ltr'><strong>Apollonium</strong></span> 
     </span>
     <span class='ocr_line' id='line_1_10' title="bbox 51 1249 1196 1341; baseline 0.006 -26"><span class='ocrx_word' id='word_1_63' title='bbox 51 1253 171 1316; x_wconf 84' lang='lat' dir='ltr'><strong>mentio</strong></span> <span class='ocrx_word' id='word_1_64' title='bbox 195 1273 266 1315; x_wconf 91' lang='lat' dir='ltr'><strong>non</strong></span> <span class='ocrx_word' id='word_1_65' title='bbox 289 1249 357 1332; x_wconf 84' lang='lat' dir='ltr'><strong>fiat,</strong></span> <span class='ocrx_word' id='word_1_66' title='bbox 382 1271 423 1313; x_wconf 93' lang='lat' dir='ltr'><strong>ne</strong></span> <span class='ocrx_word' id='word_1_67' title='bbox 444 1250 611 1313; x_wconf 82' lang='lat' dir='ltr'><strong>historiam</strong></span> <span class='ocrx_word' id='word_1_68' title='bbox 629 1251 758 1335; x_wconf 89' lang='lat' dir='ltr'><strong>quidem</strong></span> <span class='ocrx_word' id='word_1_69' title='bbox 774 1253 807 1316; x_wconf 90' lang='lat' dir='ltr'><strong>in</strong></span> <span class='ocrx_word' id='word_1_70' title='bbox 825 1253 899 1317; x_wconf 87' lang='lat' dir='ltr'><strong>Sch.</strong></span> <span class='ocrx_word' id='word_1_71' title='bbox 914 1253 1023 1339; x_wconf 89' lang='lat' dir='ltr'><strong>Apoll.</strong></span> <span class='ocrx_word' id='word_1_72' title='bbox 1040 1257 1196 1341; x_wconf 88' lang='lat' dir='ltr'><strong>legimus;</strong></span> 
     </span>
     <span class='ocr_line' id='line_1_11' title="bbox 52 1353 1196 1439; baseline 0.007 -22"><span class='ocrx_word' id='word_1_73' title='bbox 52 1356 82 1417; x_wconf 92' lang='lat' dir='ltr'><strong>in</strong></span> <span class='ocrx_word' id='word_1_74' title='bbox 109 1355 191 1420; x_wconf 80' lang='lat' dir='ltr'><strong>sch.</strong></span> <span class='ocrx_word' id='word_1_75' title='bbox 215 1354 358 1417; x_wconf 87' lang='lat' dir='ltr'><strong>Theoor.</strong></span> <span class='ocrx_word' id='word_1_76' title='bbox 384 1360 493 1416; x_wconf 88' lang='lat' dir='ltr'><strong>autem</strong></span> <span class='ocrx_word' id='word_1_77' title='bbox 524 1353 683 1417; x_wconf 88' lang='lat' dir='ltr'><strong>habemus</strong></span> <span class='ocrx_word' id='word_1_78' title='bbox 712 1356 844 1439; x_wconf 88' lang='lat' dir='ltr'><strong>longum</strong></span> <span class='ocrx_word' id='word_1_79' title='bbox 874 1357 954 1421; x_wconf 90' lang='lat' dir='ltr'><strong>illud</strong></span> <span class='ocrx_word' id='word_1_80' title='bbox 978 1365 1012 1422; x_wconf 85' lang='lat' dir='ltr'><strong>et</strong></span> <span class='ocrx_word' id='word_1_81' title='bbox 1034 1361 1196 1426; x_wconf 85' lang='lat' dir='ltr'><strong>eruditum</strong></span> 
     </span>
     <span class='ocr_line' id='line_1_12' title="bbox 55 1454 1194 1550; baseline 0.007 -29"><span class='ocrx_word' id='word_1_82' title='bbox 55 1460 214 1523; x_wconf 89' lang='lat' dir='ltr'><strong>scholium</strong></span> <span class='ocrx_word' id='word_1_83' title='bbox 239 1457 283 1522; x_wconf 87' lang='lat' dir='ltr'><strong>ad</strong></span> <span class='ocrx_word' id='word_1_84' title='bbox 306 1454 354 1520; x_wconf 90' lang='lat' dir='ltr'><strong>Id.</strong></span> <span class='ocrx_word' id='word_1_85' title='bbox 369 1456 386 1518; x_wconf 94' lang='lat' dir='ltr'>I</span> <span class='ocrx_word' id='word_1_86' title='bbox 403 1458 421 1518; x_wconf 85' lang='lat'>3</span> <span class='ocrx_word' id='word_1_87' title='bbox 429 1479 436 1530; x_wconf 94' lang='lat'>;</span> <span class='ocrx_word' id='word_1_88' title='bbox 460 1455 572 1519; x_wconf 85' lang='lat' dir='ltr'><strong>Iovem</strong></span> <span class='ocrx_word' id='word_1_89' title='bbox 597 1463 630 1520; x_wconf 88' lang='lat' dir='ltr'><strong>et</strong></span> <span class='ocrx_word' id='word_1_90' title='bbox 652 1456 811 1522; x_wconf 91' lang='lat' dir='ltr'><strong>Iunonem</strong></span> <span class='ocrx_word' id='word_1_91' title='bbox 834 1481 1073 1546; x_wconf 83' lang='lat' dir='ltr'><strong>saepenumero</strong></span> <span class='ocrx_word' id='word_1_92' title='bbox 1089 1463 1194 1550; x_wconf 93' lang='lat' dir='ltr'><strong>Apol-</strong></span> 
     </span>
     <span class='ocr_line' id='line_1_13' title="bbox 55 1561 1194 1652; baseline 0.005 -26"><span class='ocrx_word' id='word_1_93' title='bbox 55 1564 160 1626; x_wconf 91' lang='lat' dir='ltr'><strong>lonius</strong></span> <span class='ocrx_word' id='word_1_94' title='bbox 195 1561 361 1646; x_wconf 87' lang='lat' dir='ltr'><strong>significat</strong></span> <span class='ocrx_word' id='word_1_95' title='bbox 397 1579 573 1644; x_wconf 89' lang='lat' dir='ltr'><strong>eorumque</strong></span> <span class='ocrx_word' id='word_1_96' title='bbox 607 1561 739 1627; x_wconf 90' lang='lat' dir='ltr'><strong>nomina</strong></span> <span class='ocrx_word' id='word_1_97' title='bbox 772 1562 805 1626; x_wconf 93' lang='lat' dir='ltr'><strong>in</strong></span> <span class='ocrx_word' id='word_1_98' title='bbox 840 1563 917 1629; x_wconf 85' lang='lat' dir='ltr'><strong>Sch.</strong></span> <span class='ocrx_word' id='word_1_99' title='bbox 949 1565 1057 1650; x_wconf 85' lang='lat' dir='ltr'><strong>Apoll.</strong></span> <span class='ocrx_word' id='word_1_100' title='bbox 1094 1588 1194 1652; x_wconf 86' lang='lat' dir='ltr'><strong>saepe</strong></span> 
     </span>
     <span class='ocr_line' id='line_1_14' title="bbox 57 1661 1193 1752; baseline 0.003 -22"><span class='ocrx_word' id='word_1_101' title='bbox 57 1672 242 1745; x_wconf 83' lang='lat' dir='ltr'><strong>occurrunt,</strong></span> <span class='ocrx_word' id='word_1_102' title='bbox 267 1663 325 1729; x_wconf 89' lang='lat' dir='ltr'><strong>sed</strong></span> <span class='ocrx_word' id='word_1_103' title='bbox 350 1684 392 1727; x_wconf 91' lang='lat' dir='ltr'><strong>ea</strong></span> <span class='ocrx_word' id='word_1_104' title='bbox 413 1661 537 1740; x_wconf 83' lang='lat' dir='ltr'><strong>fabula,</strong></span> <span class='ocrx_word' id='word_1_105' title='bbox 561 1684 644 1746; x_wconf 88' lang='lat' dir='ltr'><strong>quae</strong></span> <span class='ocrx_word' id='word_1_106' title='bbox 668 1664 847 1729; x_wconf 83' lang='lat' dir='ltr'><strong>illustratur</strong></span> <span class='ocrx_word' id='word_1_107' title='bbox 870 1669 978 1752; x_wconf 88' lang='lat' dir='ltr'><strong>amplo</strong></span> <span class='ocrx_word' id='word_1_108' title='bbox 998 1669 1053 1731; x_wconf 93' lang='lat' dir='ltr'><strong>illo</strong></span> <span class='ocrx_word' id='word_1_109' title='bbox 1071 1669 1193 1733; x_wconf 87' lang='lat' dir='ltr'><strong>scholio</strong></span> 
     </span>
     <span class='ocr_line' id='line_1_15' title="bbox 58 1765 1192 1855; baseline 0.006 -24"><span class='ocrx_word' id='word_1_110' title='bbox 58 1770 95 1832; x_wconf 88' lang='lat' dir='ltr'><strong>ad</strong></span> <span class='ocrx_word' id='word_1_111' title='bbox 110 1770 253 1834; x_wconf 89' lang='lat' dir='ltr'><strong>Theocr.</strong></span> <span class='ocrx_word' id='word_1_112' title='bbox 269 1766 317 1830; x_wconf 87' lang='lat' dir='ltr'><strong>Id.</strong></span> <span class='ocrx_word' id='word_1_113' title='bbox 334 1765 399 1830; x_wconf 83' lang='lat' dir='ltr'><strong>XV</strong></span> <span class='ocrx_word' id='word_1_114' title='bbox 415 1768 466 1844; x_wconf 87' lang='grc'><strong>64,</strong></span> <span class='ocrx_word' id='word_1_115' title='bbox 490 1786 597 1850; x_wconf 89' lang='lat' dir='ltr'><strong>neque</strong></span> <span class='ocrx_word' id='word_1_116' title='bbox 620 1767 654 1830; x_wconf 93' lang='lat' dir='ltr'><strong>in</strong></span> <span class='ocrx_word' id='word_1_117' title='bbox 676 1768 911 1853; x_wconf 85' lang='lat' dir='ltr'><strong>Argonauticis</strong></span> <span class='ocrx_word' id='word_1_118' title='bbox 934 1792 1042 1855; x_wconf 91' lang='lat' dir='ltr'><strong>neque</strong></span> <span class='ocrx_word' id='word_1_119' title='bbox 1066 1773 1098 1835; x_wconf 93' lang='lat' dir='ltr'><strong>iu</strong></span> <span class='ocrx_word' id='word_1_120' title='bbox 1116 1773 1192 1839; x_wconf 87' lang='lat' dir='ltr'><strong>Sch.</strong></span> 
     </span>
     <span class='ocr_line' id='line_1_16' title="bbox 59 1875 471 1959; baseline -0.015 -22"><span class='ocrx_word' id='word_1_121' title='bbox 59 1875 162 1959; x_wconf 87' lang='lat' dir='ltr'><strong>Apoll.</strong></span> <span class='ocrx_word' id='word_1_122' title='bbox 188 1875 471 1936; x_wconf 87' lang='lat' dir='ltr'><strong>commemoratur.</strong></span> 
     </span>
    </p>
   </div>
   <div class='ocr_carea' id='block_1_4' title="bbox 60 1975 1196 4240">
    <p class='ocr_par' dir='ltr' id='par_1_5' title="bbox 60 1975 1196 2905">
     <span class='ocr_line' id='line_1_17' title="bbox 143 1975 1192 2078; baseline 0.003 -21"><span class='ocrx_word' id='word_1_123' title='bbox 143 1994 218 2068; x_wconf 84' lang='lat' dir='ltr'><strong>Qua</strong></span> <span class='ocrx_word' id='word_1_124' title='bbox 250 2013 284 2056; x_wconf 88' lang='lat' dir='ltr'><strong>re</strong></span> <span class='ocrx_word' id='word_1_125' title='bbox 317 1992 394 2055; x_wconf 88' lang='lat' dir='ltr'><strong>licet</strong></span> <span class='ocrx_word' id='word_1_126' title='bbox 426 1989 587 2053; x_wconf 87' lang='lat' dir='ltr'><strong>efficiatur</strong></span> <span class='ocrx_word' id='word_1_127' title='bbox 619 1991 763 2054; x_wconf 86' lang='lat' dir='ltr'><strong>maxima</strong></span> <span class='ocrx_word' id='word_1_128' title='bbox 795 1975 1005 2057; x_wconf 82' lang='lat' dir='ltr'><strong>historiarum</strong></span> <span class='ocrx_word' id='word_1_129' title='bbox 1041 1995 1192 2078; x_wconf 85' lang='lat' dir='ltr'><strong>varietas,</strong></span> 
     </span>
     <span class='ocr_line' id='line_1_18' title="bbox 60 2094 1193 2183; baseline 0.001 -22"><span class='ocrx_word' id='word_1_130' title='bbox 60 2105 168 2163; x_wconf 87' lang='lat' dir='ltr'><strong>tamen</strong></span> <span class='ocrx_word' id='word_1_131' title='bbox 203 2117 315 2162; x_wconf 88' lang='lat' dir='ltr'><strong>earum</strong></span> <span class='ocrx_word' id='word_1_132' title='bbox 351 2115 480 2180; x_wconf 90' lang='lat' dir='ltr'><strong>quoquc</strong></span> <span class='ocrx_word' id='word_1_133' title='bbox 515 2094 737 2176; x_wconf 82' lang='lat' dir='ltr'><strong>historiarum,</strong></span> <span class='ocrx_word' id='word_1_134' title='bbox 773 2117 856 2181; x_wconf 89' lang='lat' dir='ltr'><strong>quae</strong></span> <span class='ocrx_word' id='word_1_135' title='bbox 890 2103 946 2160; x_wconf 87' lang='lat' dir='ltr'><strong>aut</strong></span> <span class='ocrx_word' id='word_1_136' title='bbox 980 2097 1065 2183; x_wconf 89' lang='lat' dir='ltr'><strong>apud</strong></span> <span class='ocrx_word' id='word_1_137' title='bbox 1092 2120 1193 2162; x_wconf 91' lang='lat' dir='ltr'><strong>unum</strong></span> 
     </span>
     <span class='ocr_line' id='line_1_19' title="bbox 61 2197 1193 2285; baseline -0.001 -18"><span class='ocrx_word' id='word_1_138' title='bbox 61 2203 266 2267; x_wconf 85' lang='lat' dir='ltr'><strong>Theocritum</strong></span> <span class='ocrx_word' id='word_1_139' title='bbox 309 2207 367 2263; x_wconf 86' lang='lat' dir='ltr'><strong>aut</strong></span> <span class='ocrx_word' id='word_1_140' title='bbox 407 2197 494 2282; x_wconf 88' lang='lat' dir='ltr'><strong>apud</strong></span> <span class='ocrx_word' id='word_1_141' title='bbox 534 2218 634 2260; x_wconf 92' lang='lat' dir='ltr'><strong>unum</strong></span> <span class='ocrx_word' id='word_1_142' title='bbox 674 2199 885 2283; x_wconf 91' lang='lat' dir='ltr'><strong>Apollonium</strong></span> <span class='ocrx_word' id='word_1_143' title='bbox 929 2201 1059 2264; x_wconf 86' lang='lat' dir='ltr'><strong>obviam</strong></span> <span class='ocrx_word' id='word_1_144' title='bbox 1102 2203 1193 2285; x_wconf 81' lang='lat' dir='ltr'><strong>fiunt,</strong></span> 
     </span>
     <span class='ocr_line' id='line_1_20' title="bbox 64 2300 1196 2391; baseline 0.001 -22"><span class='ocrx_word' id='word_1_145' title='bbox 64 2309 192 2391; x_wconf 87' lang='lat' dir='ltr'><strong>stirpem</strong></span> <span class='ocrx_word' id='word_1_146' title='bbox 215 2307 311 2369; x_wconf 89' lang='lat' dir='ltr'><strong>unius</strong></span> <span class='ocrx_word' id='word_1_147' title='bbox 335 2300 547 2385; x_wconf 89' lang='lat' dir='ltr'><strong>eiusdemque</strong></span> <span class='ocrx_word' id='word_1_148' title='bbox 571 2301 711 2364; x_wconf 92' lang='lat' dir='ltr'><strong>hominis</strong></span> <span class='ocrx_word' id='word_1_149' title='bbox 734 2301 864 2385; x_wconf 86' lang='lat' dir='ltr'><strong>ingenio</strong></span> <span class='ocrx_word' id='word_1_150' title='bbox 894 2303 1024 2383; x_wconf 82' lang='lat' dir='ltr'><strong>deberi,</strong></span> <span class='ocrx_word' id='word_1_151' title='bbox 1055 2326 1128 2368; x_wconf 91' lang='lat' dir='ltr'><strong>oum</strong></span> <span class='ocrx_word' id='word_1_152' title='bbox 1153 2328 1196 2370; x_wconf 85' lang='lat' dir='ltr'><strong>ex</strong></span> 
     </span>
     <span class='ocr_line' id='line_1_21' title="bbox 63 2405 1195 2493; baseline 0.001 -21"><span class='ocrx_word' id='word_1_153' title='bbox 63 2416 127 2474; x_wconf 87' lang='lat' dir='ltr'><strong>toto</strong></span> <span class='ocrx_word' id='word_1_154' title='bbox 147 2411 273 2490; x_wconf 78' lang='lat' dir='ltr'><strong>habitu,</strong></span> <span class='ocrx_word' id='word_1_155' title='bbox 304 2428 369 2493; x_wconf 93' lang='lat' dir='ltr'><strong>quo</strong></span> <span class='ocrx_word' id='word_1_156' title='bbox 393 2406 456 2470; x_wconf 90' lang='lat' dir='ltr'><strong>hae</strong></span> <span class='ocrx_word' id='word_1_157' title='bbox 479 2405 637 2470; x_wconf 87' lang='lat' dir='ltr'><strong>historiae</strong></span> <span class='ocrx_word' id='word_1_158' title='bbox 662 2412 694 2469; x_wconf 91' lang='lat' dir='ltr'><strong>et</strong></span> <span class='ocrx_word' id='word_1_159' title='bbox 718 2426 791 2470; x_wconf 89' lang='lat' dir='ltr'><strong>cum</strong></span> <span class='ocrx_word' id='word_1_160' title='bbox 814 2409 949 2486; x_wconf 79' lang='lat' dir='ltr'><strong>ceteris,</strong></span> <span class='ocrx_word' id='word_1_161' title='bbox 979 2430 1062 2492; x_wconf 87' lang='lat' dir='ltr'><strong>quae</strong></span> <span class='ocrx_word' id='word_1_162' title='bbox 1085 2408 1195 2473; x_wconf 90' lang='lat' dir='ltr'><strong>Theo-</strong></span> 
     </span>
     <span class='ocr_line' id='line_1_22' title="bbox 65 2510 1193 2599; baseline 0 -23"><span class='ocrx_word' id='word_1_163' title='bbox 65 2515 131 2577; x_wconf 90' lang='lat' dir='ltr'><strong>criti</strong></span> <span class='ocrx_word' id='word_1_164' title='bbox 160 2521 190 2578; x_wconf 87' lang='lat' dir='ltr'><strong>et</strong></span> <span class='ocrx_word' id='word_1_165' title='bbox 213 2512 381 2599; x_wconf 91' lang='lat' dir='ltr'><strong>Apollonii</strong></span> <span class='ocrx_word' id='word_1_166' title='bbox 409 2530 598 2573; x_wconf 89' lang='lat' dir='ltr'><strong>communes</strong></span> <span class='ocrx_word' id='word_1_167' title='bbox 627 2516 716 2589; x_wconf 65' lang='lat' dir='ltr'><strong>sunt,</strong></span> <span class='ocrx_word' id='word_1_168' title='bbox 749 2515 782 2574; x_wconf 89' lang='lat' dir='ltr'><strong>et</strong></span> <span class='ocrx_word' id='word_1_169' title='bbox 805 2510 891 2575; x_wconf 90' lang='lat' dir='ltr'><strong>inter</strong></span> <span class='ocrx_word' id='word_1_170' title='bbox 914 2533 949 2576; x_wconf 90' lang='lat' dir='ltr'><strong>sc</strong></span> <span class='ocrx_word' id='word_1_171' title='bbox 975 2514 1193 2595; x_wconf 87' lang='lat' dir='ltr'><strong>consentiunt,</strong></span> 
     </span>
     <span class='ocr_line' id='line_1_23' title="bbox 65 2612 1194 2697; baseline 0.001 -18"><span class='ocrx_word' id='word_1_172' title='bbox 65 2624 128 2680; x_wconf 91' lang='lat' dir='ltr'><strong>tum</strong></span> <span class='ocrx_word' id='word_1_173' title='bbox 155 2618 297 2681; x_wconf 81' lang='lat' dir='ltr'><strong>maxime</strong></span> <span class='ocrx_word' id='word_1_174' title='bbox 331 2636 374 2678; x_wconf 84' lang='lat' dir='ltr'><strong>ex</strong></span> <span class='ocrx_word' id='word_1_175' title='bbox 408 2612 594 2676; x_wconf 90' lang='lat' dir='ltr'><strong>nominibus</strong></span> <span class='ocrx_word' id='word_1_176' title='bbox 629 2619 813 2692; x_wconf 71' lang='lat' dir='ltr'><strong>auctorum,</strong></span> <span class='ocrx_word' id='word_1_177' title='bbox 849 2615 904 2697; x_wconf 91' lang='lat' dir='ltr'><strong>qui</strong></span> <span class='ocrx_word' id='word_1_178' title='bbox 938 2613 1043 2678; x_wconf 89' lang='lat' dir='ltr'><strong>eidem</strong></span> <span class='ocrx_word' id='word_1_179' title='bbox 1079 2617 1112 2679; x_wconf 89' lang='lat' dir='ltr'><strong>iu</strong></span> <span class='ocrx_word' id='word_1_180' title='bbox 1147 2618 1194 2680; x_wconf 92' lang='lat' dir='ltr'><strong>eis</strong></span> 
     </span>
     <span class='ocr_line' id='line_1_24' title="bbox 66 2716 1192 2804; baseline 0.003 -23"><span class='ocrx_word' id='word_1_181' title='bbox 66 2727 156 2784; x_wconf 84' lang='lat' dir='ltr'><strong>testes</strong></span> <span class='ocrx_word' id='word_1_182' title='bbox 172 2722 367 2799; x_wconf 87' lang='lat' dir='ltr'><strong>excitantur,</strong></span> <span class='ocrx_word' id='word_1_183' title='bbox 391 2723 539 2802; x_wconf 86' lang='lat' dir='ltr'><strong>apparet.</strong></span> <span class='ocrx_word' id='word_1_184' title='bbox 573 2716 738 2780; x_wconf 89' lang='lat' dir='ltr'><strong>Nonnulla</strong></span> <span class='ocrx_word' id='word_1_185' title='bbox 760 2718 922 2802; x_wconf 87' lang='lat' dir='ltr'><strong>exempla,</strong></span> <span class='ocrx_word' id='word_1_186' title='bbox 946 2739 1029 2802; x_wconf 89' lang='lat' dir='ltr'><strong>quae</strong></span> <span class='ocrx_word' id='word_1_187' title='bbox 1047 2721 1192 2804; x_wconf 86' lang='lat' dir='ltr'><strong>inprimis</strong></span> 
     </span>
     <span class='ocr_line' id='line_1_25' title="bbox 67 2821 734 2905; baseline -0.001 -22"><span class='ocrx_word' id='word_1_188' title='bbox 67 2822 174 2888; x_wconf 91' lang='lat' dir='ltr'><strong>idonea</strong></span> <span class='ocrx_word' id='word_1_189' title='bbox 196 2824 275 2887; x_wconf 91' lang='lat' dir='ltr'><strong>mihi</strong></span> <span class='ocrx_word' id='word_1_190' title='bbox 299 2821 459 2899; x_wconf 80' lang='lat' dir='ltr'><strong>videntur,</strong></span> <span class='ocrx_word' id='word_1_191' title='bbox 484 2821 734 2905; x_wconf 89' lang='lat' dir='ltr'><strong>perlustremus:</strong></span> 
     </span>
    </p>

    <p class='ocr_par' dir='ltr' id='par_1_6' title="bbox 63 2922 1194 4152">
     <span class='ocr_line' id='line_1_26' title="bbox 142 2922 1192 3008; baseline -0.001 -18"><span class='ocrx_word' id='word_1_192' title='bbox 142 2928 179 2991; x_wconf 93' lang='lat' dir='ltr'><strong>ln</strong></span> <span class='ocrx_word' id='word_1_193' title='bbox 214 2927 290 2992; x_wconf 77' lang='lat' dir='ltr'><strong>seh.</strong></span> <span class='ocrx_word' id='word_1_194' title='bbox 321 2924 458 2990; x_wconf 87' lang='lat' dir='ltr'><strong>Theocr.</strong></span> <span class='ocrx_word' id='word_1_195' title='bbox 486 2922 534 2988; x_wconf 87' lang='lat' dir='ltr'><strong>Id.</strong></span> <span class='ocrx_word' id='word_1_196' title='bbox 565 2923 582 2985; x_wconf 92' lang='lat' dir='ltr'>I</span> <span class='ocrx_word' id='word_1_197' title='bbox 613 2925 687 3003; x_wconf 82' lang='lat'>123,</span> <span class='ocrx_word' id='word_1_198' title='bbox 722 2925 812 2987; x_wconf 90' lang='lat' dir='ltr'><strong>cuius</strong></span> <span class='ocrx_word' id='word_1_199' title='bbox 842 2923 1024 3008; x_wconf 90' lang='lat' dir='ltr'><strong>pleniorem</strong></span> <span class='ocrx_word' id='word_1_200' title='bbox 1055 2925 1192 2990; x_wconf 83' lang='lat' dir='ltr'><strong>formam</strong></span> 
     </span>
     <span class='ocr_line' id='line_1_27' title="bbox 68 3025 1193 3114; baseline 0.002 -22"><span class='ocrx_word' id='word_1_201' title='bbox 68 3051 104 3092; x_wconf 83' lang='lat' dir='ltr'><strong>er</strong></span> <span class='ocrx_word' id='word_1_202' title='bbox 118 3032 323 3096; x_wconf 89' lang='lat' dir='ltr'><strong>Ahrensiano</strong></span> <span class='ocrx_word' id='word_1_203' title='bbox 348 3028 545 3092; x_wconf 89' lang='lat' dir='ltr'><strong>scholiorum</strong></span> <span class='ocrx_word' id='word_1_204' title='bbox 571 3047 705 3111; x_wconf 89' lang='lat' dir='ltr'><strong>corpore</strong></span> <span class='ocrx_word' id='word_1_205' title='bbox 722 3025 771 3110; x_wconf 84' lang='lat' dir='ltr'><strong>(II</strong></span> <span class='ocrx_word' id='word_1_206' title='bbox 786 3049 817 3112; x_wconf 93' lang='lat' dir='ltr'><strong>p.</strong></span> <span class='ocrx_word' id='word_1_207' title='bbox 832 3029 883 3107; x_wconf 88' lang='grc'><strong>81,</strong></span> <span class='ocrx_word' id='word_1_208' title='bbox 900 3027 953 3113; x_wconf 85' lang='grc'><strong>11)</strong></span> <span class='ocrx_word' id='word_1_209' title='bbox 977 3029 1088 3108; x_wconf 79' lang='lat' dir='ltr'><strong>affero,</strong></span> <span class='ocrx_word' id='word_1_210' title='bbox 1112 3051 1193 3114; x_wconf 91' lang='lat' dir='ltr'><strong>quo·</strong></span> 
     </span>
     <span class='ocr_line' id='line_1_28' title="bbox 67 3132 1191 3221; baseline 0.002 -26"><span class='ocrx_word' id='word_1_211' title='bbox 67 3135 143 3198; x_wconf 85' lang='lat' dir='ltr'><strong>niam</strong></span> <span class='ocrx_word' id='word_1_212' title='bbox 166 3135 252 3221; x_wconf 89' lang='lat' dir='ltr'><strong>apud</strong></span> <span class='ocrx_word' id='word_1_213' title='bbox 277 3135 465 3217; x_wconf 87' lang='lat' dir='ltr'><strong>Zieglerum</strong></span> <span class='ocrx_word' id='word_1_214' title='bbox 492 3132 713 3214; x_wconf 85' lang='lat' dir='ltr'><strong>fragmentum</strong></span> <span class='ocrx_word' id='word_1_215' title='bbox 735 3136 863 3194; x_wconf 90' lang='lat' dir='ltr'><strong>tantum</strong></span> <span class='ocrx_word' id='word_1_216' title='bbox 888 3138 1012 3212; x_wconf 85' lang='lat' dir='ltr'><strong>exstat,</strong></span> <span class='ocrx_word' id='word_1_217' title='bbox 1037 3133 1093 3196; x_wconf 93' lang='lat' dir='ltr'><strong>ubi</strong></span> <span class='ocrx_word' id='word_1_218' title='bbox 1116 3155 1191 3197; x_wconf 88' lang='lat' dir='ltr'><strong>nar-</strong></span> 
     </span>
     <span class='ocr_line' id='line_1_29' title="bbox 67 3234 1194 3315; baseline 0.001 -15"><span class='ocrx_word' id='word_1_219' title='bbox 67 3247 144 3303; x_wconf 87' lang='lat' dir='ltr'><strong>ratur</strong></span> <span class='ocrx_word' id='word_1_220' title='bbox 165 3241 324 3305; x_wconf 86' lang='lat' dir='ltr'><strong>transitus</strong></span> <span class='ocrx_word' id='word_1_221' title='bbox 349 3237 504 3301; x_wconf 78' lang='lat' dir='ltr'><strong>Callistus</strong></span> <span class='ocrx_word' id='word_1_222' title='bbox 528 3237 562 3299; x_wconf 92' lang='lat' dir='ltr'><strong>in</strong></span> <span class='ocrx_word' id='word_1_223' title='bbox 584 3234 717 3298; x_wconf 88' lang='lat' dir='ltr'><strong>Arcturi</strong></span> <span class='ocrx_word' id='word_1_224' title='bbox 744 3237 889 3315; x_wconf 81' lang='lat' dir='ltr'><strong>stellam,</strong></span> <span class='ocrx_word' id='word_1_225' title='bbox 914 3237 1009 3300; x_wconf 89' lang='lat' dir='ltr'><strong>testis</strong></span> <span class='ocrx_word' id='word_1_226' title='bbox 1033 3238 1194 3301; x_wconf 84' lang='lat' dir='ltr'><strong>excitatur</strong></span> 
     </span>
     <span class='ocr_line' id='line_1_30' title="bbox 66 3331 1192 3427; baseline 0.001 -23"><span class='ocrx_word' id='word_1_227' title='bbox 66 3340 192 3408; x_wconf 84' lang='lat' dir='ltr'><strong>Aratus:</strong></span> <span class='ocrx_word' id='word_1_228' title='bbox 214 3357 342 3412; x_wconf 72' lang='lat' dir='ltr'><strong>Acrato:</strong></span> <span class='ocrx_word' id='word_1_229' title='bbox 362 3333 424 3425; x_wconf 82' lang='grc' dir='ltr'><strong>(τὸ)</strong></span> <span class='ocrx_word' id='word_1_230' title='bbox 443 3332 509 3404; x_wconf 76' lang='grc' dir='ltr'><strong>ὐπὸ</strong></span> <span class='ocrx_word' id='word_1_231' title='bbox 525 3339 573 3424; x_wconf 76' lang='grc' dir='ltr'><strong>τῷ</strong></span> <span class='ocrx_word' id='word_1_232' title='bbox 587 3334 730 3424; x_wconf 80' lang='grc' dir='ltr'><strong><em>Λυκαίῳ</em></strong></span> <span class='ocrx_word' id='word_1_233' title='bbox 746 3336 827 3425; x_wconf 81' lang='grc' dir='ltr'><strong>φησί</strong></span> <span class='ocrx_word' id='word_1_234' title='bbox 843 3339 947 3421; x_wconf 79' lang='grc' dir='ltr'><strong><em>χῶμα,</em></strong></span> <span class='ocrx_word' id='word_1_235' title='bbox 964 3331 1058 3427; x_wconf 77' lang='grc' dir='ltr'><strong><em>ἠρίον</em></strong></span> <span class='ocrx_word' id='word_1_236' title='bbox 1072 3336 1192 3406; x_wconf 80' lang='grc' dir='ltr'><strong><em>καλού-</em></strong></span> 
     </span>
     <span class='ocr_line' id='line_1_31' title="bbox 64 3432 1190 3530; baseline 0 -22"><span class='ocrx_word' id='word_1_237' title='bbox 64 3467 148 3524; x_wconf 78' lang='grc' dir='ltr'><strong><em>μενον</em></strong></span> <span class='ocrx_word' id='word_1_238' title='bbox 169 3446 386 3525; x_wconf 79' lang='grc' dir='ltr'><strong><em>Καλλιστοῦς,</em></strong></span> <span class='ocrx_word' id='word_1_239' title='bbox 411 3439 458 3522; x_wconf 84' lang='grc' dir='ltr'><strong>εἰς</strong></span> <span class='ocrx_word' id='word_1_240' title='bbox 481 3432 501 3509; x_wconf 74' lang='grc' dir='ltr'>ὃ</span> <span class='ocrx_word' id='word_1_241' title='bbox 526 3439 713 3528; x_wconf 71' lang='grc' dir='ltr'><strong><em>[ἐλθοῦσαν]</em></strong></span> <span class='ocrx_word' id='word_1_242' title='bbox 738 3436 797 3530; x_wconf 78' lang='grc' dir='ltr'><strong>τὴν</strong></span> <span class='ocrx_word' id='word_1_243' title='bbox 818 3437 993 3522; x_wconf 81' lang='grc' dir='ltr'><strong><em>Λυκάονος</em></strong></span> <span class='ocrx_word' id='word_1_244' title='bbox 1014 3440 1190 3509; x_wconf 79' lang='grc' dir='ltr'><strong><em>Καλλιστώ</em></strong></span> 
     </span>
     <span class='ocr_line' id='line_1_32' title="bbox 63 3539 1192 3638; baseline 0.002 -26"><span class='ocrx_word' id='word_1_245' title='bbox 63 3549 218 3638; x_wconf 72' lang='grc' dir='ltr'><strong>θυγατέρα</strong></span> <span class='ocrx_word' id='word_1_246' title='bbox 236 3545 354 3636; x_wconf 65' lang='grc' dir='ltr'><strong><em>ἄρκτου</em></strong></span> <span class='ocrx_word' id='word_1_247' title='bbox 371 3539 471 3615; x_wconf 78' lang='grc' dir='ltr'><strong><em>οὖσαν</em></strong></span> <span class='ocrx_word' id='word_1_248' title='bbox 486 3541 553 3613; x_wconf 72' lang='grc' dir='ltr'><strong>ὑπὸ</strong></span> <span class='ocrx_word' id='word_1_249' title='bbox 566 3540 692 3632; x_wconf 79' lang='grc' dir='ltr'><strong><em>Ἕρμοῦ</em></strong></span> <span class='ocrx_word' id='word_1_250' title='bbox 706 3548 865 3634; x_wconf 77' lang='grc' dir='ltr'><strong><em>ταφῆναι·</em></strong></span> <span class='ocrx_word' id='word_1_251' title='bbox 886 3542 925 3635; x_wconf 73' lang='grc' dir='ltr'><strong>ἣν</strong></span> <span class='ocrx_word' id='word_1_252' title='bbox 941 3570 1040 3635; x_wconf 78' lang='grc' dir='ltr'><strong><em>φησιν</em></strong></span> <span class='ocrx_word' id='word_1_253' title='bbox 1047 3542 1192 3635; x_wconf 73' lang='grc' dir='ltr'><strong><em>’Ἄρατος</em></strong></span> 
     </span>
     <span class='ocr_line' id='line_1_33' title="bbox 64 3647 1190 3743; baseline 0.003 -29"><span class='ocrx_word' id='word_1_254' title='bbox 64 3647 235 3743; x_wconf 77' lang='grc' dir='ltr'><strong><em>ἑνοῦραυῷ</em></strong></span> <span class='ocrx_word' id='word_1_255' title='bbox 258 3647 468 3742; x_wconf 72' lang='grc' dir='ltr'><strong><em>ἠστερίσθαι.</em></strong></span> <span class='ocrx_word' id='word_1_256' title='bbox 511 3652 594 3715; x_wconf 91' lang='lat' dir='ltr'><strong>Item</strong></span> <span class='ocrx_word' id='word_1_257' title='bbox 619 3658 890 3715; x_wconf 86' lang='lat' dir='ltr'><strong>commemoratur</strong></span> <span class='ocrx_word' id='word_1_258' title='bbox 913 3652 1033 3715; x_wconf 87' lang='lat' dir='ltr'><strong>Aratus</strong></span> <span class='ocrx_word' id='word_1_259' title='bbox 1057 3653 1089 3715; x_wconf 92' lang='lat' dir='ltr'><strong>in</strong></span> <span class='ocrx_word' id='word_1_260' title='bbox 1114 3653 1190 3718; x_wconf 84' lang='lat' dir='ltr'><strong>Sch.</strong></span> 
     </span>
     <span class='ocr_line' id='line_1_34' title="bbox 64 3753 1188 3842; baseline 0.002 -26"><span class='ocrx_word' id='word_1_261' title='bbox 64 3753 160 3839; x_wconf 93' lang='lat' dir='ltr'><strong>Apoll.</strong></span> <span class='ocrx_word' id='word_1_262' title='bbox 183 3759 219 3822; x_wconf 90' lang='lat' dir='ltr'><strong>II</strong></span> <span class='ocrx_word' id='word_1_263' title='bbox 250 3760 332 3821; x_wconf 80' lang='lat'>1098</span> <span class='ocrx_word' id='word_1_264' title='bbox 362 3756 406 3842; x_wconf 91' lang='lat' dir='ltr'><strong>(p.</strong></span> <span class='ocrx_word' id='word_1_265' title='bbox 429 3755 591 3840; x_wconf 66' lang='lat' dir='ltr'><strong>rrum),</strong></span> <span class='ocrx_word' id='word_1_266' title='bbox 621 3776 683 3840; x_wconf 92' lang='lat' dir='ltr'><strong>quo</strong></span> <span class='ocrx_word' id='word_1_267' title='bbox 712 3760 872 3818; x_wconf 89' lang='lat' dir='ltr'><strong>tractatur</strong></span> <span class='ocrx_word' id='word_1_268' title='bbox 901 3755 941 3817; x_wconf 89' lang='lat' dir='ltr'><strong>de</strong></span> <span class='ocrx_word' id='word_1_269' title='bbox 969 3753 1124 3818; x_wconf 88' lang='lat' dir='ltr'><strong>Arcturo:</strong></span> <span class='ocrx_word' id='word_1_270' title='bbox 1149 3794 1188 3802; x_wconf 90' lang='lat'>—</span> 
     </span>
     <span class='ocr_line' id='line_1_35' title="bbox 65 3851 1190 3948; baseline 0.005 -30"><span class='ocrx_word' id='word_1_271' title='bbox 65 3859 150 3926; x_wconf 78' lang='grc' dir='ltr'><strong><em>τοῦτο</em></strong></span> <span class='ocrx_word' id='word_1_272' title='bbox 179 3860 215 3926; x_wconf 80' lang='grc' dir='ltr'><strong>δὲ</strong></span> <span class='ocrx_word' id='word_1_273' title='bbox 240 3856 304 3948; x_wconf 72' lang='grc' dir='ltr'><strong>ἔφη</strong></span> <span class='ocrx_word' id='word_1_274' title='bbox 335 3861 417 3946; x_wconf 82' lang='lat' dir='ltr'><strong>(scil.</strong></span> <span class='ocrx_word' id='word_1_275' title='bbox 443 3853 693 3939; x_wconf 75' lang='grc' dir='ltr'><strong>Ἀπολλώνιος),</strong></span> <span class='ocrx_word' id='word_1_276' title='bbox 722 3855 798 3922; x_wconf 77' lang='grc' dir='ltr'><strong><em>ἐπεὶ</em></strong></span> <span class='ocrx_word' id='word_1_277' title='bbox 826 3853 910 3922; x_wconf 85' lang='grc' dir='ltr'><strong><em>κατὰ</em></strong></span> <span class='ocrx_word' id='word_1_278' title='bbox 944 3851 1003 3945; x_wconf 82' lang='grc' dir='ltr'><strong>τὴν</strong></span> <span class='ocrx_word' id='word_1_279' title='bbox 1033 3855 1190 3947; x_wconf 78' lang='grc' dir='ltr'><strong><em>ἐπιτολὴν</em></strong></span> 
     </span>
     <span class='ocr_line' id='line_1_36' title="bbox 65 3953 1190 4051; baseline 0.004 -29"><span class='ocrx_word' id='word_1_280' title='bbox 65 3963 115 4025; x_wconf 77' lang='grc' dir='ltr'><strong>τοῦ</strong></span> <span class='ocrx_word' id='word_1_281' title='bbox 134 3956 311 4050; x_wconf 75' lang='grc' dir='ltr'><strong><em>ἀρκτούρου</em></strong></span> <span class='ocrx_word' id='word_1_282' title='bbox 335 3961 474 4051; x_wconf 80' lang='grc' dir='ltr'><strong><em>σφοδροὶ</em></strong></span> <span class='ocrx_word' id='word_1_283' title='bbox 498 3959 711 4043; x_wconf 78' lang='grc' dir='ltr'><strong><em>καταχέουται</em></strong></span> <span class='ocrx_word' id='word_1_284' title='bbox 735 3953 867 4045; x_wconf 67' lang='grc' dir='ltr'><strong>ὄμβροι,</strong></span> <span class='ocrx_word' id='word_1_285' title='bbox 898 3954 942 4037; x_wconf 75' lang='grc' dir='ltr'><strong>ὥς</strong></span> <span class='ocrx_word' id='word_1_286' title='bbox 969 3983 1051 4047; x_wconf 80' lang='grc' dir='ltr'><strong><em>φησι</em></strong></span> <span class='ocrx_word' id='word_1_287' title='bbox 1074 3957 1190 4048; x_wconf 78' lang='grc' dir='ltr'><em>Δημό-</em></span> 
     </span>
     <span class='ocr_line' id='line_1_37' title="bbox 66 4056 869 4152; baseline 0.002 -28"><span class='ocrx_word' id='word_1_288' title='bbox 66 4085 163 4146; x_wconf 87' lang='grc' dir='ltr'><strong><em>κριτος</em></strong></span> <span class='ocrx_word' id='word_1_289' title='bbox 183 4065 216 4132; x_wconf 78' lang='grc' dir='ltr'><strong>ἐν</strong></span> <span class='ocrx_word' id='word_1_290' title='bbox 237 4067 286 4152; x_wconf 73' lang='grc' dir='ltr'><strong>τῷ</strong></span> <span class='ocrx_word' id='word_1_291' title='bbox 307 4065 386 4152; x_wconf 77' lang='grc' dir='ltr'><strong><em>περὶ</em></strong></span> <span class='ocrx_word' id='word_1_292' title='bbox 410 4059 631 4152; x_wconf 80' lang='grc' dir='ltr'><strong><em>ἀστρονομίας</em></strong></span> <span class='ocrx_word' id='word_1_293' title='bbox 654 4062 711 4129; x_wconf 85' lang='grc' dir='ltr'><strong>καὶ</strong></span> <span class='ocrx_word' id='word_1_294' title='bbox 726 4056 869 4148; x_wconf 78' lang='grc' dir='ltr'><strong><em>’Ἀρατος</em></strong></span> 
     </span>
    </p>

    <p class='ocr_par' dir='ltr' id='par_1_7' title="bbox 287 4161 949 4240">
     <span class='ocr_line' id='line_1_38' title="bbox 287 4161 949 4240; baseline -0.006 -19"><span class='ocrx_word' id='word_1_295' title='bbox 287 4168 445 4240; x_wconf 75' lang='grc' dir='ltr'><strong><em>φράζεσθαι</em></strong></span> <span class='ocrx_word' id='word_1_296' title='bbox 463 4163 489 4218; x_wconf 61' lang='grc' dir='ltr'><strong>11ρ</strong></span> <span class='ocrx_word' id='word_1_297' title='bbox 492 4168 570 4220; x_wconf 76' lang='lat' dir='ltr'><strong>alvari</strong></span> <span class='ocrx_word' id='word_1_298' title='bbox 586 4167 763 4236; x_wconf 79' lang='grc' dir='ltr'><strong><em>μεμνημένος</em></strong></span> <span class='ocrx_word' id='word_1_299' title='bbox 781 4161 949 4235; x_wconf 70' lang='grc' dir='ltr'><strong><em>ἅρκτούροιο.</em></strong></span> 
     </span>
    </p>
   </div>
   <div class='ocr_carea' id='block_1_5' title="bbox 0 0 1552 4910">
    <p class='ocr_par' dir='ltr' id='par_1_8' title="bbox 0 0 1552 4910">
     <span class='ocr_line' id='line_1_39' title="bbox 0 0 1552 4910; baseline 0 0"><span class='ocrx_word' id='word_1_300' title='bbox 0 0 1552 4910; x_wconf 95' lang='lat' dir='ltr'><strong> </strong></span> 
     </span>
    </p>
   </div>
  </div>
 </body>
</html>
