3070 4910
770 311 986 374 ..ss0-

316 494 541 583 πτεράγωμαι·
577 495 634 562 καὶ
662 489 732 566 άπὸ
761 498 820 563 τοῦ
846 493 999 576 ἕπτωκα,
1030 497 1203 562 πέπτωκα.
1248 493 1369 586 ἢάπὸ
1398 503 1465 568 τοῦ

314 604 402 682 πτῶ,
453 603 472 668 5
508 597 749 688 παρακείμενος
793 597 929 666 &mmm
971 600 1028 667 καὶ
1073 602 1272 686 πλεονασμῷ
1311 606 1374 670 τοῦ
1419 631 1460 671 π.
1510 618 1511 752 η

314 723 443 778 πέπτωκα
470 698 622 771 ἀπὸτοῦ
643 729 672 770 κ.
688 729 716 770 τ
728 704 756 769 λ

402 929 496 995 *ὅσα
519 930 657 996 Theocr.
680 930 730 996 Id.
754 929 848 992 155:
876 945 984 1015 Ὺγρός.·
1010 926 1133 1015 γίνεται
1155 925 1194 996 τὸ
1217 923 1313 1016 ὑγρὸν
1334 929 1372 996 ἐν.
1394 933 1460 998 τοῦ

315 1027 373 1113 ῧω,
397 1023 417 1099 5
438 1031 551 1120 βρέχω,
575 1027 643 1097 ῧσω
667 1025 745 1119 ὖρὸς
766 1029 823 1098 καὶ
846 1026 942 1118 Ιὑγρὸς
964 1033 1162 1119 πλεονασμῷ
1183 1035 1243 1098 τοῦ
1266 1058 1294 1119 y.
1511 1076 1512 1154 η

401 1153 454 1219 Et.
474 1154 519 1220 M.
547 1178 578 1241 p.
598 1157 669 1234 774,
694 1157 749 1218 47:
776 1169 872 1239 Ὑγρον
897 1149 983 1239 ’ὕδωρ
1009 1151 1042 1218 τί
1070 1147 1120 1234 ίίν,
1154 1143 1224 1220 οἷον
1254 1150 1396 1242 ἔνυδρον.
1435 1152 1457 1246 5

316 1253 409 1343 παρὰ
431 1253 469 1324 τὸ
493 1253 539 1322 άω
561 1252 630 1322 άσω
653 1250 729 1343 ὑρός
750 1255 807 1321 καί
831 1256 1029 1344 πλεονασμῷ
1050 1259 1110 1322 τοῦ
1130 1282 1150 1343 y
1170 1251 1281 1344 ὑγρός·

402 1402 434 1465 p.
453 1382 524 1460 774,
549 1372 833 1464 51-;”νεωρπαρὰ
859 1373 898 1445 τὸ
925 1373 988 1459 ίίω,
1020 1372 1058 1444 τὸ
1086 1376 1203 1465 βρέχω,
1234 1374 1317 1464 άωρ·
1340 1405 1369 1446 κ.
1382 1406 1412 1446 τ.
1425 1382 1453 1447 λ.

402 1521 433 1585 p.
452 1502 523 1580 775,
545 1503 575 1562 1:
597 1513 683 1575 Ὑετός
704 1492 797 1584 παρὰ
818 1491 857 1564 τὸ
881 1492 936 1579 ῧω,
960 1493 998 1564 τὸ
1021 1496 1133 1585 βρέχω,
1158 1493 1242 1578 λίτος.

404 1724 497 1788 *805
522 1723 659 1788 Theocr.
683 1724 733 1789 Id.
748 1723 765 1786 I
781 1727 836 1788 57:
860 1739 998 1812 Πορομεῐ.·
1021 1715 1090 1789 άπὸ
1118 1725 1177 1788 τοῦ
1203 1719 1371 1810 πορθμός.
1407 1720 1453 1804 ῶς

316 1819 387 1890 ἀπὸ
409 1827 468 1892 τοῦ
489 1822 587 1910 κείρω
610 1821 740 1912 κορμός,
764 1821 868 1903 οὕτως
890 1823 946 1891 καί
970 1818 1040 1892 άπὸ
1055 1826 1115 1891 τοῦ
1131 1823 1237 1912 πείρω
1252 1829 1313 1893 τοῦ
1328 1825 1452 1914 σημαί-

316 1954 427 2008 νοντος
454 1924 492 1995 τὸ
523 1931 614 2016 περῶ
636 1926 759 2015 γίνεται
782 1926 912 2017 πορμὸς
934 1927 990 1995 καὶ
1014 1929 1213 2017 πλεονασμῷ
1234 1935 1295 1997 τοῦ
1316 1938 1344 1997 θ
1367 1957 1452 2018 πορ-
1513 1994 1514 2009 ,

315 2028 419 2115 θμός,
454 2027 525 2097 ἔστι
558 2031 594 2097 δὲ
621 2029 780 2098 θάλασσα
812 2029 936 2117 μεταξὺ
970 2028 1029 2098 550
1061 2026 1221 2121 ἠπείρων·
1258 2030 1383 2118 ἰσθμὸς
1415 2037 1452 2102 55
1513 2015 1514 2050 ί

315 2127 504 2201 τούναντίον
525 2130 545 2225 5
570 2131 664 2224 στενὴ
688 2129 826 2224 ἤπειρος
846 2130 970 2220 μεταξὺ
991 2135 1173 2201 θαλασσῶν
1195 2131 1265 2202 550.
1299 2130 1370 2204 άπὸ
1392 2140 1452 2204 τοῦ

316 2235 473 2325 πορθμὸς
495 2230 551 2304 οὖν
574 2236 697 2326 γίνεται
719 2235 901 2325 πορθμεύς,
925 2240 943 2304 5
965 2234 1117 2326 περάτης.

400 2361 453 2426 Et.
470 2361 514 2425 M.
538 2384 570 2447 p.
587 2364 659 2440 683,
678 2366 730 2425 15:
746 2353 896 2448 Πορνμός.·
916 2356 1028 2448 ῶσπερ
1045 2355 1189 2428 ἀπὸτοῦ
1209 2359 1307 2453 κείρω
1327 2360 1450 2448 γίνεται

305 2460 446 2549 μορμός
470 2459 574 2544 οὕτως
596 2463 652 2529 καὶ
677 2457 746 2530 άπὸ
770 2465 829 2530 τοῦ
851 2461 956 2550 πείρω
980 2467 1039 2530 τοῦ
1063 2463 1279 2551 σημαίνοντος
1300 2463 1339 2533 τὸ
1360 2470 1451 2554 περῶ
1514 2473 1515 2480 ’

316 2564 438 2653 γίνεται
470 2565 601 2654 πορμὸς
634 2566 691 2633 καὶ
718 2569 917 2656 πλεονασμῷ
942 2570 1002 2635 τοῦ
1027 2575 1054 2636 θ
1083 2565 1254 2654 πορθμός,
1284 2573 1304 2658 5
1327 2567 1450 2656 μεταξίΙ

316 2667 374 2738 550
397 2665 544 2762 ἠπείρων
565 2666 734 2738 θάλασσα.
772 2667 872 2759 Ζήτει
895 2668 942 2751 εἰς
964 2667 1002 2738 τὸ
1021 2665 1167 2756 Ἰσθμός.
1278 2657 1281 2664 ’

401 2816 431 2879 p.
450 2796 522 2871 477,
543 2795 597 2855 22:
622 2805 731 2879 Ἰσθμός
757 2785 794 2858 οὗ
823 2787 923 2876 μόνον
950 2792 968 2857 5
996 2789 1127 2877 λοιμός,
1159 2785 1242 2857 ἀλλὰ
1269 2791 1327 2858 καὶ
1355 2790 1448 2883 στενὴ

314 2899 394 2982 μαῖα
415 2891 537 2979 μεταξὺ
561 2892 619 2962 550
642 2897 836 2963 θαλασσῶν·
861 2892 1018 2982 πορθμὸς
1040 2895 1076 2962 δὲ
1097 2921 1166 2963 m.
1180 2897 1207 2962 λ.

402 3118 497 3184 *805
521 3119 660 3185 Theoor.
683 3120 841 3184 Ιᾶ.158;
875 3135 1021 3205 Tvpo'ma:
1051 3117 1087 3184 ἐκ
1114 3120 1173 3185 τοῦ
1194 3115 1290 3204 τυρὸς
1312 3117 1448 3207 τυρόεις.

315 3216 437 3306 γίνεται
460 3218 611 3310 δὲπαρά
632 3217 671 3289 τὸ
680 3225 796 3346 τηρῶ·
826 3218 909 3308 γάλα
932 3217 992 3309 γάρ
1019 3217 1213 3309 τηρούμενον
1236 3224 1253 3288 5
1275 3220 1381 3310 τυρός.
1411 3221 1449 3290 τὸ

315 3323 352 3389 δὲ
372 3327 459 3412 τηρῶ
482 3322 574 3411 παρὰ
596 3322 633 3393 τὸ
654 3320 741 3414 οὐρῶ
761 3352 800 3394 το
788 3322 983 3436 φυλάσσω,
1008 3325 1208 3412 πλεονασμῷ
1225 3327 1285 3392 τοῦ
1299 3351 1319 3392 τ
1333 3330 1448 3446 τουρῶ,

315 3426 372 3493 καὶ
399 3431 507 3518 τροπῇ
540 3433 600 3520 της
630 3457 667 3498 συ
696 3427 744 3511 είς
771 3457 790 3519 η
816 3431 912 3519 τηρῶ.
938 3405 981 3496 τὸ
1009 3427 1046 3494 δὲ
1073 3423 1169 3514 τυρὸς
1200 3427 1318 3518 εἀβολῆ
1345 3434 1405 3497 τοῦ
1431 3456 1448 3496 ο

315 3530 431 3618 μέμονε.

402 3638 454 3704 Et.
475 3639 519 3704 M.
543 3661 575 3724 p.
595 3641 666 3720 772,
691 3645 725 3702 5:
758 3655 840 3727 Τυρός
869 3633 962 3722 παρά
990 3633 1028 3704 τὸ
1056 3640 1164 3725 τηρεῖν
1196 3633 1281 3702 κατὰ
1309 3634 1447 3728 τροπήν·

315 3736 399 3825 μάλα
421 3736 483 3828 μὰρ
504 3737 700 3829 τηρούμενον
721 3740 810 3807 ε’στὶν
833 3743 850 3807 5
872 3736 981 3826 τυρός·
1006 3741 1047 3825 (κ.
1060 3765 1088 3806 τ.
1101 3741 1144 3826 λ.)

401 3885 433 3948 p.
452 3866 522 3944 757,
539 3867 595 3928 47;
621 3881 708 3954 τηρῶ;
733 3858 827 3947 παρὰ
848 3858 887 3928 τὸ
909 3860 979 3927 θέω
1003 3862 1112 3949 θηρῶ·
1141 3856 1227 3928 ὅπου
1254 3855 1316 3946 γάρ
1345 3862 1448 3950 τρέχει

314 3991 382 4047 τις,
417 3964 474 4031 καὶ
502 3971 632 4053 θεωρεῖ.
670 3961 691 4055 5
717 3965 753 4032 ἐκ
779 3967 839 4032 τοῦ
865 3959 940 4052 ὠρῶ
972 3961 1010 4030 τὸ
1046 3959 1215 4051 φυλάττω,
1250 3965 1449 4054 πλεονασμῷ

315 4070 374 4133 τοῦ
399 4094 418 4134 τ
447 4071 542 4155 τωρῶ
571 4065 627 4136 διά
653 4071 714 4135 τοῦ
745 4097 771 4136 ω
797 4064 940 4156 μεγάλου
976 4061 1021 4146 ῶς
1054 4063 1219 4154 πυλωρός,
1254 4065 1312 4132 καί
1341 4071 1449 4158 τροπῇ

315 4173 374 4238 τοῦ
395 4174 523 4258 μακροῦ
546 4173 593 4252 εἰς
615 4168 741 4260 μακρὸν
762 4175 857 4261 τηρῶ.
890 4168 913 4261 5
934 4171 971 4240 ἐκ
992 4173 1051 4238 τοῦ
1074 4164 1148 4257 ὁρῶ,
1171 4165 1210 4236 τὸ
1232 4169 1357 4256 βλέπω.
