3070 4910
769 295 983 356 ..50-

313 480 480 572 Ταρραίου
502 481 558 550 καὶ
583 480 787 570 Σοφοκλέους
808 481 865 549 καὶ
893 480 1031 560 Θέωνος.
1076 481 1122 545 Ηί
1145 487 1255 545 autem
1280 480 1474 564 (Lucillus,

311 589 507 675 Sophocles,
552 588 658 672 Theo)
705 610 747 652 cx
792 588 1029 672 antiquioribus
1080 587 1324 650 commentariis
1371 588 1472 650 hau-

313 702 434 759 serunt.

396 813 592 877 Nominatur
618 812 650 876 in
683 811 757 875 Sch.
781 812 890 897 Apoll.
907 809 943 874 ΙΙ
968 813 1050 873 1052
1081 809 1126 896 (p.
1143 816 1217 892 441,
1234 811 1268 897 4)
1293 809 1469 900 ,,Χάρης“

313 918 444 1002 quidam
474 909 677 996 ,αὐτοῦτοῦ
705 909 931 980 Ἀπολλωνίου
961 909 1152 1000 φνιάριμοςίι,
1191 917 1245 999 qui
1280 919 1469 1003 scripserit

311 1021 427 1085 librum
453 1017 550 1103 „accpi
575 1015 727 1105 ἱστοριῶν
755 1019 814 1082 τοῦ
832 1011 1093 1083 Ἀπολλωνίουιι.
1139 1016 1203 1090 Qui
1226 1017 1353 1083 (lhares
1378 1043 1466 1085 cum

311 1125 391 1188 alibi
413 1145 573 1207 nusquam
597 1126 881 1202 commemoretur,
905 1121 999 1184 multi
1015 1121 1164 1185 homines
1188 1120 1276 1185 docti
1300 1143 1465 1210 compro-

311 1229 430 1292 barunt
449 1213 551 1289 Ionsii
577 1226 796 1289 coniecturam
820 1245 879 1309 pro
900 1218 1056 1310 ,,Χάρης“
1079 1224 1252 1290 scribentis
1274 1218 1462 1311 ,,Χάρων“,

311 1331 366 1414 qui
389 1328 476 1394 idem
500 1330 542 1393 sit
565 1349 638 1392 cum
659 1327 717 1390 illo
741 1326 889 1391 Charone
912 1326 1152 1407 Naucratita1),
1176 1327 1217 1391 de
1241 1349 1305 1412 qno
1329 1329 1461 1393 Suidas

309 1434 392 1497 haec
420 1433 538 1496 habet:
567 1425 689 1516 Χάρων
712 1426 949 1516 Ναυκρατίτης,
981 1423 1154 1515 ἱστορικός.
1185 1422 1296 1516 (Ιερεῖς
1317 1427 1397 1510 τοὺς
1422 1432 1462 1497 ἐν

309 1636 441 1721 χθέντα,
466 1637 622 1715 Βασιλεῖς
642 1631 719 1715 τοὺς
741 1634 777 1701 έκ
799 1636 947 1702 παλαιοῦ
967 1632 1138 1722 γεγονότας
1154 1634 1188 1701 έν
1203 1631 1333 1726 ἑκάστφ
1349 1635 1457 1720 ἔθνει,

310 1740 367 1807 καὶ
384 1738 462 1828 περὶ
478 1735 704 1826 Ναυκράτεως,
727 1737 785 1805 καὶ
810 1732 894 1804 alltc
910 1733 983 1804 τινὰ
1001 1738 1078 1826 περὶ
1095 1735 1274 1826 Αἰγύπτου
1281 1741 1321 1829 ²).
1358 1744 1456 1818 Quae

312 1848 498 1910 coniectura
515 1867 553 1910 co
570 1846 675 1930 magis
692 1845 862 1930 probanda
876 1845 1006 1910 videtur
1021 1867 1106 1927 esso,
1123 1846 1210 1931 quod
1226 1854 1313 1925 sunt,
1331 1849 1456 1933 quibus

312 1950 495 2014 confirmari
519 1970 616 2035 possa
641 1948 799 2014 videatur.
915 2002 919 2010 .

399 2079 549 2144 Occurrit
584 2080 617 2142 in
653 2078 729 2142 Sch.
757 2076 865 2163 Apoll.
892 2077 927 2141 Π
952 2081 1013 2142 477
1050 2077 1095 2163 (p.
1121 2081 1198 2158 415,
1224 2077 1281 2166 31)
1319 2079 1455 2145 Charon

314 2183 570 2268 Lampsacenus,
586 2187 873 2265 rerumgestarum
887 2182 1024 2266 scriptor
1034 2180 1195 2246 Herodoti
1207 2182 1277 2246 fere
1291 2184 1455 2268 aequalis,

313 2287 473 2371 adquam
502 2285 638 2350 historia
666 2285 724 2347 illa
746 2283 872 2348 Rhoeci
897 2284 1053 2364 refertur,
1084 2306 1182 2369 quam
1211 2285 1352 2350 eandem
1382 2288 1453 2350 suis

311 2391 420 2456 verbis
445 2389 619 2453 scholiasta
642 2394 753 2452 narrat
775 2389 808 2451 in
833 2387 908 2451 Sch.
926 2386 1065 2455 Theocr.
1089 2387 1138 2452 Id.
1162 2388 1273 2451 11113
1298 2380 1454 2474 (Ἄλλως)

313 2493 454 2558 auctoris
495 2498 606 2556 tamen
641 2493 770 2555 nomine
806 2490 942 2565 omisso;
984 2491 1099 2556 cadem
1134 2491 1271 2555 historia
1301 2493 1389 2557 inest
1420 2495 1454 2558 in

312 2596 365 2661 Et.
388 2597 433 2661 M.
458 2618 482 2660 s.
506 2616 535 2659 v.
555 2587 796 2680 Ἁμαδρυάδες;
825 2602 923 2680 atque
947 2616 1020 2659 cum
1043 2617 1159 2660 versus
1183 2594 1396 2681 Apolloniani
1419 2599 1454 2662 in

314 2721 354 2763 ca
375 2699 524 2780 citantur,
548 2700 625 2782 quin
642 2719 685 2762 ex
702 2697 776 2762 seh.
792 2696 901 2784 Apoll.
917 2703 986 2761 tum
1002 2700 1100 2784 paulo
1117 2699 1320 2783 plenioribus
1344 2707 1454 2764 trans-

315 2803 435 2888 scripta
459 2802 510 2884 sit,
535 2801 668 2866 dubium
691 2802 747 2864 vix
770 2806 835 2866 est:

402 2931 475 2996 Sch.
505 2928 615 3015 Apoll.
639 2930 674 2993 Π
705 2933 767 2992 477
791 2927 837 3014 (p.
850 2929 1007 3015 415,31);
1039 2923 1160 3015 Χάρων
1187 2928 1224 2994 δὲ
1252 2928 1453 3018 δΛαμφα-

313 3028 408 3120 κηνδς
434 3030 571 3117 ἱστορεῖ,
602 3025 647 3110 ὡς
674 3024 737 3118 άρα
756 3026 882 3111 Ῥοῖκος
909 3026 1117 3115 θεασάμενος
1145 3032 1220 3116 δρῦν
1249 3027 1327 3099 ὅσον
1357 3027 1452 3099 οὔπω

313 3136 495 3222 μέλλουσαν
528 3134 587 3202 ἐπὶ
626 3137 685 3225 γῆς
721 3135 970 3224 καταφέρεσθαι
1006 3136 1189 3224 προσέταξε
1226 3141 1299 3216 τοῖς
1332 3137 1454 3204 παισίν

313 3235 534 3329 δποστηρίξαι
560 3233 688 3326 ταύτην.
716 3240 736 3324 η
764 3237 801 3304 δὲ
825 3237 989 3323 μέλλουσα
1012 3237 1284 3328 συμφδείρεσθαι
1313 3242 1355 3329 τῇ
1378 3240 1454 3324 δρυῒ

314 3341 424 3432 νύμφη
452 3341 618 3409 ἐπιστᾶσα
649 3344 697 3430 τῷ
715 3336 831 3430 Ῥοίκφ
860 3338 953 3428 χάριν
979 3343 1039 3428 μὲν
1060 3340 1202 3432 ἔφασκεν
1223 3340 1345 3410 εἰδέναι
1368 3339 1452 3431 ὑπὲρ

315 3451 374 3536 τῆς
398 3442 570 3533 σωτηρίας,
593 3443 772 3531 ἐπέτρεπεν
794 3444 830 3512 δὲ
852 3441 1061 3533 αἰτήσασθαι
1083 3441 1150 3513 ὅτι
1169 3440 1332 3532 βούλοιτο.
1357 3441 1453 3526 ὡςδὲ

403 3690 423 3757 ¹)
442 3686 592 3742 Naucratis
609 3685 721 3740 videtur
739 3686 882 3756 Apollonii
900 3703 1011 3755 quoque
1029 3685 1123 3755 patria
1141 3686 1234 3741 fnisse.

402 3792 425 3861 ²)
444 3791 498 3846 cfr.
518 3788 802 3845 Pseudo-Eudooiam
824 3810 851 3860 p.
868 3791 932 3845 436:
963 3788 1087 3860 ἔγραψεν
1110 3789 1233 3862 ἱστορίαν
1255 3788 1317 3860 περί
1342 3792 1399 3842 τῶν
1422 3789 1451 3842 ἐν

313 3879 499 3952 Ἀλεξανδρείᾳ
522 3879 567 3932 καί
590 3879 621 3932 ἐν
639 3879 768 3951 Αἰγύπτῳ
791 3881 886 3952 ἱερέων
910 3877 956 3932 καί
978 3881 1026 3948 τῆς
1050 3877 1181 3948 διαδοχῆς
1205 3873 1295 3930 αὐτῶν
1318 3875 1365 3928 καί
1389 3875 1450 3947 περὶ

315 3971 371 4023 τῶν
388 3966 433 4021 ἐπί
451 3966 567 4020 ἑκάστου
584 3967 775 4037 πραχθέντων,
797 3966 859 4039 περί
881 3967 1014 4036 βασιλέων
1034 3967 1090 4018 τῶν
1111 3965 1142 4019 ἐκ
1158 3965 1277 4018 παλαιοῦ
1294 3963 1450 4032 γεγονότων

316 4055 346 4108 ἐν
370 4054 474 4125 ἑκάστῳ
499 4052 588 4119 ἔθνει,
613 4051 659 4105 καὶ
684 4049 751 4105 ἄλλα
771 4055 833 4107 τινά
858 4053 921 4124 περὶ
939 4051 1079 4121 Αἰγύπτου
1103 4051 1149 4104 καί
1173 4049 1357 4120 Ναυκράτεως.
1391 4049 1449 4102 vid.

317 4142 435 4195 Paulum
454 4141 542 4195 Pulch
566 4139 608 4193 ‘de
632 4139 771 4194 Eudociae
795 4140 870 4208 quod
893 4141 981 4192 fertur
998 4134 1132 4192 Violario'
1155 4137 1195 4206 (in
1217 4135 1450 4190 Dissertationum

316 4228 454 4300 Philolog.
472 4228 700 4297 Argentoratum.
720 4227 774 4282 vol.
788 4227 838 4296 IV)
856 4243 883 4295 p.
896 4226 938 4280 90.
