3070 4910
767 317 979 381 -χη-

353 710 422 798 (36)
446 716 518 786 καὶ
542 705 662 776 αῦτοῦ
681 705 730 775 τὰ
751 705 850 795 πρό-

308 822 409 899 βατα
437 812 557 900 μηδὲν
586 809 750 880 ἔλασσον
777 815 850 879 τῶν

304 917 404 1003 Ιἐμοῦ
425 913 643 1003 τρέφοιντο.

352 1020 421 1105 (37)
434 1015 546 1104 εἴπερ
567 1013 850 1104 ὁμοίωςάείδει

307 1128 399 1204 ταῖς
421 1117 592 1211 ἀηδόσιν
615 1115 812 1210 όΔοίφνις.

353 1331 424 1418 (41)
448 1326 563 1410 ὅπου,
588 1325 696 1418 φησίν,
720 1325 851 1420 ἡέρω-

307 1433 407 1521 μένη
442 1428 569 1500 αὐτοῦ
601 1438 849 1519 περιπατεῖ,

309 1532 460 1628 [πάντα]
497 1533 565 1623 έάρ
607 1536 678 1603 καὶ
715 1534 850 1603 πάντα

308 1638 430 1725 νομαί
456 1637 538 1707 εἰσι
566 1639 635 1706 καὶ
658 1637 705 1706 τὰ
728 1640 850 1727 θρέμ-

307 1769 420 1829 ματα
459 1742 709 1831 ἒκτρέφεται·
752 1739 851 1810 ὅταν

308 1845 351 1914 δὲ
385 1842 574 1935 ἀπέλθῃ,
611 1843 850 1934 ξηραίνεται

307 1951 382 2017 καί
422 1953 439 2018 ὁ
481 1946 643 2039 ποιμὴν
686 1948 759 2015 καί
809 1945 850 2015 αἱ

224 2081 229 2092 '
306 2050 449 2142 ssisg¹).

353 2160 422 2246 (45)
447 2151 716 2243 όΔάφνιςλέχει
799 2151 851 2223 ὅτι

308 2257 408 2330 ὅπου
437 2257 484 2327 ἀν
513 2254 749 2345 ὁέροίμενός
777 2285 851 2345 μου

307 2363 438 2454 βαίνη
490 2360 653 2445 Μίλων,
710 2358 851 2428 πάντα

307 2461 438 2549 αῦξει,
487 2465 558 2532 καὶ
603 2462 734 2555 σμήνη
778 2465 851 2532 καὶ

307 2569 456 2657 δένδρα
505 2567 577 2635 καί
620 2568 850 2656 θρέμματα·

308 2669 401 2741 όταν
434 2673 475 2740 δέ
507 2674 700 2761 χωρισθῇ,
739 2672 806 2738 καὶ
834 2676 851 2739 δ

309 2773 513 2864 βουκόλος
536 2772 850 2864 ξηρδςχίχνεται

310 2879 379 2947 καὶ
403 2878 444 2947 αί
466 2876 681 2968 βοτάναιῑ).

353 3002 423 3088 (49)
453 2992 481 3067 ὦ
507 2997 603 3068 κόλε
641 3001 700 3087 (ita
736 3001 851 3087 scripsi

307 3127 366 3190 pro
399 3102 479 3171 καλέ
519 3105 655 3186 codicis,
697 3105 851 3188 quoniam

307 3210 389 3274 haee
412 3210 510 3274 lectio
529 3209 661 3273 scholiis
678 3208 758 3293 ipsis
775 3228 850 3270 con-

309 3312 469 3376 tradicere
481 3313 625 3385 videtum
638 3311 695 3376 cfr.
706 3312 741 3374 Z.
753 3332 784 3395 p.
794 3313 849 3373 64:

309 3408 381 3480 ἀντὶ
415 3415 475 3479 τοῦ
504 3403 532 3479 τό
560 3412 690 3499 κολοβέ·
724 3409 850 3498 λέγεται

309 3513 369 3604 μὰρ
393 3511 489 3594 κόλος
510 3516 528 3581 δ
549 3512 594 3604 μὴ
617 3513 697 3598 ἔχων
719 3514 850 3602 κέρατα.

307 3619 364 3686 καί
392 3616 536 3709 Ὅμηρος
574 3634 655 3688 κόλον
683 3618 781 3704 δόρυ),
814 3616 852 3683 έν

307 3720 451 3810 ἐκείνην
480 3724 534 3810 τῷ
562 3716 673 3808 τόπῳ
704 3720 851 3787 ἑστίνό

903 527 1015 587 μενος,
1059 500 1195 590 βόσκετο
1242 504 1279 570 έκ
1328 509 1451 595 ψυχῆς,

908 601 926 626 ,ι

904 631 1021 697 ηχοον
1052 607 1087 689 έξ
1115 603 1191 694 όλης
1222 610 1282 697 τῆς
1314 616 1452 697 προθο-

903 707 993 796 μίας,
1016 707 1077 790 τὰς
1099 705 1257 796 ἀμνάδας.

1111 921 1161 984 39.
1188 922 1239 984 40.

947 1018 1005 1085 καί
1028 1015 1085 1086 έάν
1105 1022 1123 1086 δ
1143 1017 1322 1100 Μενάλκας
1344 1015 1450 1109 ἀμοίγη

903 1147 936 1189 τι
952 1111 1025 1202 ὦδε,
1040 1120 1163 1209 χαίρων
1173 1122 1321 1210 βοσκέτω
1333 1121 1447 1191 πάντα

904 1219 1072 1314 ἀφθόνως.

1108 1333 1245 1395 ‘li—48.

947 1435 1118 1515 πανταχοῦ
1145 1429 1233 1499 ἔστιν
1254 1429 1328 1520 έαρ,
1362 1431 1448 1501 ένθα

903 1537 922 1622 ἡ
951 1532 1033 1624 καλὴ
1064 1541 1147 1615 παῖς
1175 1534 1381 1623 ἐνδιατρίβει.
1406 1579 1449 1588 -

904 1641 1075 1720 πανταχοῦ
1103 1637 1138 1706 δέ
1168 1637 1200 1706 oi
1223 1639 1325 1724 μαζοί
1349 1638 1448 1728 γάλα-

904 1737 980 1820 κτός
1003 1739 1069 1807 εἶσι
1090 1741 1360 1830 πεπληρωμένοι,
1389 1744 1447 1811 καί

904 1840 946 1910 τὰ
977 1841 1088 1931 νεογνὰ
1117 1843 1271 1933 τρέφεται
1299 1841 1355 1914 ὑπ’
1389 1843 1448 1915 αῦ-

904 1950 972 2014 τοῦ.
990 1987 1040 2013 -.
1056 1943 1113 2015 έόιν
1128 1948 1164 2014 δέ
1184 1942 1352 2040 ἀποδημῇ,
1369 1951 1446 2033 ἐκεῖ,

905 2045 984 2117 ὅθεν
1007 2044 1183 2138 ἀποδημεῖ,
1208 2051 1265 2118 καὶ
1287 2052 1450 2144 δποιμὴν

905 2150 1001 2242 ξηρός
1015 2153 1113 2237 ἐστιν,
1136 2149 1158 2244 η’
1165 2179 1255 2241 γοῦν
1268 2159 1330 2222 τοῦ
1343 2159 1448 2223 θαλε-

904 2260 963 2344 ροῦ
1000 2257 1058 2324 καί
1097 2253 1279 2347 εῦτραφοῦς
1316 2259 1449 2348 ἐστερη-

903 2359 1008 2445 μένος,
1032 2360 1089 2427 καί
1113 2359 1148 2428 αί
1171 2356 1310 2447 βοτάναι
1332 2365 1448 2430 τοιαῦ-

903 2490 969 2530 ται.
986 2504 1027 2512 -
1042 2463 1099 2531 καί
1117 2459 1206 2543 ότάς
1221 2466 1302 2550 βοῦς
1317 2462 1449 2551 βόσκων

905 2561 1057 2653 αῦότερος
1087 2607 1126 2616 -
1157 2561 1227 2634 ἀπὸ
1260 2570 1374 2635 κοινοῦ
1406 2609 1449 2618 -

904 2664 1080 2737 ἀντίτοῦ
1098 2661 1185 2751 αῦος,
1203 2664 1325 2759 η’χοον
1341 2669 1446 2758 ξηρός,

903 2773 960 2840 καὶ
984 2771 1020 2840 αἱ
1043 2770 1118 2860 βόες
1141 2764 1230 2840 αῦαι.

1106 3003 1242 3064 49-52.

946 3090 973 3164 ὦ
993 3095 1091 3187 τράγε
1112 3103 1177 3167 τιῦν
1197 3104 1319 3168 λευκῶν
1341 3099 1446 3188 αἰγῶν

903 3197 1030 3285 όχεοτό,
1047 3205 1140 3288 δεῦρο
1157 3193 1229 3288 ὦδε,
1254 3200 1340 3272 ὅπου
1357 3204 1449 3272 ἐστίν

902 3309 920 3394 ἦ
949 3304 1087 3396 πλείστη
1115 3303 1256 3395 δασύτης
1281 3310 1346 3373 τιῦν
1374 3309 1448 3376 δέν-

903 3412 1002 3495 δρων,
1038 3406 1125 3477 ὅπου
1159 3408 1243 3477 είσίν
1276 3409 1313 3478 αἱ
1347 3413 1449 3497 σιμαὶ

902 3512 1067 3599 μέλισσαι.
1092 3513 1184 3580 δεῦτε
1199 3511 1308 3603 έριφοι
1324 3514 1383 3581 έπὶ
1408 3513 1447 3583 τό

903 3613 998 3702 ῦδωρ.
1023 3616 1056 3682 ἐν
1071 3614 1183 3705 ἐκείνην
1198 3613 1267 3704 γάρ,
1284 3619 1333 3706 τῷ
1348 3615 1448 3686 ῦδατι

904 3716 1106 3807 δηλονότι,
1161 3717 1252 3786 ἐστίν
1311 3720 1447 3804 ἐκεῖνος,

396 3896 416 3963 ¹)
436 3896 466 3947 αἱ
488 3894 548 3963 βόες
570 3891 667 3964 scripsi
692 3910 725 3947 ex
752 3909 815 3946 mes
839 3892 1006 3947 coniectura.
1043 3893 1135 3948 Codex
1160 3892 1246 3947 habet
1272 3894 1302 3946 al
1322 3893 1448 3962 βοτάναι,

308 3998 380 4050 quae
397 3982 483 4036 verba
500 3984 717 4036 consentaneum
737 3983 779 4034 est
797 3980 939 4050 irrepsisse
953 3997 986 4034 ex
1000 3980 1104 4034 scholio
1117 3980 1190 4035 adv.
1202 3982 1245 4045 45,
1263 3980 1312 4034 ubi
1324 3981 1447 4050 legimus

307 4065 353 4119 καί
372 4067 527 4136 όβοοκόλος
544 4067 624 4139 ξηρός
641 4066 767 4136 γίγνεται
785 4065 831 4118 καί
849 4067 879 4118 αἱ
895 4065 1009 4134 βοτάναι
1027 4064 1073 4118 καὶ
1092 4067 1125 4118 αί
1142 4066 1227 4135 βόες,
1245 4066 1331 4119 verba
1344 4067 1374 4118 αἱ
1385 4068 1448 4135 βόες

308 4156 416 4218 autem,
444 4170 517 4222 quse
544 4154 604 4208 illis
630 4170 837 4224 supervacanea
866 4155 932 4207 sunt
961 4152 1036 4223 (vide
1063 4155 1174 4207 textum
1198 4152 1363 4222 Theocriti),
1391 4155 1448 4212 huc

307 4240 453 4300 referenda
471 4257 529 4297 esse
548 4240 584 4296 ad
602 4259 628 4298 v.
640 4241 674 4298 41
693 4241 777 4295 schol.
