3070 4910
766 311 980 376 „58-

307 495 473 581 μοσχείαν,
497 494 590 586 παρὰ
612 493 651 566 τὸ
671 491 799 585 ὀρόσσω
823 491 937 585 όρυχόν
958 523 1032 565 τινα
1055 493 1147 567 όντα·
1171 493 1310 587 όρχατον
1332 499 1369 568 δέ
1391 499 1462 592 τὴν

308 594 479 684 έπέστιχον
508 598 645 690 φυτείαν
677 602 770 688 παρὰ
798 597 836 668 τὸ
860 597 1026 688 ἔρχεσθαι.
1056 596 1384 690 καὶ·’Λριστοφάνης
1412 601 1458 670 τὸ

307 701 429 788 μεταξὺ
451 707 516 770 τῷν
538 707 648 792 φυτῶν
674 700 870 791 μετόρχμιον
898 700 1047 770 ἐκάλεσεν
1070 704 1103 771 έν
1128 709 1200 784 τοῖς
1224 711 1402 794 Γεωργοῖς,
1434 708 1458 772 ὁ

308 805 344 872 δὲ
362 801 521 888 Ἡσίοδος
543 803 637 896 όρχον
658 807 742 896 λέχει
765 803 824 898 τὴν
846 805 1016 890 έπίστιχον
1038 811 1102 876 τῷν
1118 803 1277 896 ἀμπέλων
1294 807 1452 898 φυτείαν·

307 927 418 988 λευκούς
443 926 489 992 καίΙ
514 931 636 1000 μέλανας
662 929 777 1000 βότρυας
801 913 894 999 (Hes.
918 913 1008 978 Βοιῷ.
1030 913 1105 997 294)
1131 911 1295 1002 φέρουσαν
1317 930 1455 1000 μεγάλων

308 1025 363 1082 άτιό
388 1027 480 1104 όρχων
510 1017 601 1103 (Hes.
622 1017 725 1101 ibid).
761 1013 817 1080 καί
847 1011 949 1081 πάλιν
971 1032 1048 1103 παρά
1067 1032 1099 1085 δέ
1114 1050 1212 1104 σφισιν
1229 1030 1314 1105 όρχος
1330 1035 1453 1107 χρύσεος

306 1121 342 1201 ἦν
362 1117 457 1200 (Ηεεζ
472 1121 549 1186 ibid.
566 1123 629 1185 296
645 1120 717 1206 sq.).
733 1112 842 1184 ἔστιδ’
858 1114 912 1185 ὅτε
924 1114 965 1208 δὴ
981 1118 1038 1184 καί
1054 1121 1163 1209 κῇπον
1178 1120 1281 1208 δηλοῖ.
1313 1114 1451 1187 Ἀπίων

307 1221 344 1288 δέ
365 1221 555 1310 έτυμολοχεῖ
576 1220 669 1311 παρὰ
690 1218 729 1290 τὸ
753 1215 914 1307 όρνυσθαι
935 1219 995 1312 τὴν
1016 1225 1075 1311 χῇν
1098 1220 1184 1311 πρὸς
1205 1221 1353 1313 φυτείαν.

394 1345 446 1410 Et.
464 1346 507 1410 M.
530 1368 563 1430 p.
576 1349 649 1426 634,
666 1347 722 1408 34;
743 1357 872 1433 ”ορχατος
895 1341 1046 1432 σημαίνει
1068 1341 1125 1412 τὸν
1147 1341 1361 1430 παράδεισον,
1388 1343 1450 1436 τὴν

308 1444 445 1535 φυτείαν
467 1441 498 1513 δ’
518 1437 558 1538 ῇς
576 1443 752 1535 ἐρχόμεθα.
789 1446 948 1535 Διαφέρει
971 1447 1008 1513 δέ
1031 1441 1139 1535 ὂρχοῧ.
1166 1462 1250 1536 ἅρχὸς
1273 1445 1336 1537 γὰρ
1358 1448 1449 1516 ε’στίν

309 1547 478 1638 ὁβόθρος,
502 1547 550 1631 είς
573 1541 609 1618 ὃν
631 1547 798 1620 ἐκτίθεται
820 1547 858 1618 τὸ
881 1547 984 1639 φυτὸν
998 1547 1084 1638 πρὸς
1098 1549 1265 1636 μοσχείαν,
1290 1548 1385 1642 παρὰ
1408 1550 1446 1622 τὸ

309 1650 437 1738 ὂρόσσω
476 1649 590 1743 όρυχόν
624 1680 697 1721 τινα
729 1649 821 1722 όντα·
852 1669 970 1741 ὄρχατος
998 1655 1035 1721 δὲ
1065 1658 1085 1744 ἡ
1112 1653 1283 1737 ἐπίστιχος
1316 1655 1445 1744 φυτεία,

308 1754 402 1843 παρὰ
427 1753 465 1825 τὸ
493 1755 658 1845 ἔρχεσθαι.
696 1756 753 1824 καὶ
771 1751 1015 1846 Ἀριστοφάνης
1040 1755 1078 1825 τὸ
1102 1754 1225 1843 μεταξὺ
1247 1765 1313 1826 των
1336 1763 1446 1847 φυτῶν

306 1877 456 1948 μετόρχιον
477 1857 625 1927 ἐκάλεσεν
645 1860 679 1926 ἐν
697 1865 768 1939 τοῖς
782 1864 950 1947 Γεωργοῖς,
976 1857 1048 1927 ὅδὲ
1062 1855 1220 1940 Ἡσίοδος
1242 1854 1339 1948 ὀρχὸν
1362 1861 1445 1954 λέχει

307 1960 366 2054 τὴν
388 1961 559 2047 ἐπίστιχον
573 1960 711 2052 φυτείαν
732 1966 796 2029 τῷν
822 1956 992 2049 ἀμπέλων·
1016 1983 1043 2034 οι
1061 1978 1088 2033 δ’
1105 1969 1164 2036 αὖτ’
1176 1981 1204 2041 ἐς
1220 1981 1356 2051 ταλάρους
1368 2015 1400 2021 -
1414 2013 1445 2022 -

306 2084 410 2158 ,ἔφερον
435 2085 550 2159 βότρυας
574 2084 705 2156 μεγάλων
732 2079 787 2137 dno*
812 2081 906 2158 όρχῶν
942 2069 1044 2154 (scut.
1075 2073 1136 2135 293
1158 2069 1217 2156 sq.)
1253 2068 1311 2134 καὶ
1345 2066 1446 2135 πάλιν

307 2186 384 2262 παρά
408 2187 440 2240 δέ
462 2204 560 2259 σφισιν
578 2184 661 2260 όρχός
683 2187 799 2262 χρύσεος
815 2176 852 2260 ῇν
881 2172 975 2258 <HQ
1000 2173 1089 2238 scut.
1114 2176 1176 2238 269
1192 2173 1265 2258 8(].>.
1310 2169 1381 2239 ἔστι
1410 2173 1446 2239 δέ

308 2269 362 2345 ὅτε
377 2275 471 2363 δηλοῖ
486 2273 543 2341 καί
564 2279 681 2364 κῆπον.
712 2268 841 2340 Ἀπίων
856 2273 893 2340 δέ
908 2273 1096 2362 ε’τυμολοχεῖ
1111 2270 1204 2362 παρὰ
1219 2271 1258 2342 τὸ
1283 2269 1445 2360 όρνυσθαι

306 2374 365 2468 τὴν
385 2381 443 2468 γῆν
464 2374 549 2464 πρὸς
570 2375 716 2467 φυτείαν.
743 2375 955 2466 καίὍμηρος
976 2392 1069 2448 πολλοὶ
1089 2395 1119 2448 δὲ
1138 2397 1234 2468 φυτῶν
1252 2393 1320 2450 ἔσαν
1332 2394 1446 2469 ὄρχατοι

308 2494 397 2569 άμφίς
415 2473 556 2564 Ἰλιάδος
578 2477 606 2564 ξ’
631 2481 676 2568 <E
692 2482 777 2568 123).

388 2744 471 2810 «Βοὴ.
495 2744 633 2809 Theoer.
656 2745 813 2811 Id.149:
840 2761 941 2829 οοιτχῖι
970 2744 1077 2830 φοιτῷ
1104 2739 1256 2829 σημαίνει
1281 2739 1321 2809 τὸ
1345 2743 1443 2827 όρμῷ.

307 2840 352 2925 ὡς
374 2842 467 2934 παρὰ
499 2844 538 2914 τὸ
568 2844 672 2936 πόρος
701 2848 797 2935 πορῶ
818 2845 875 2913 καί
904 2842 1089 2933 πορεύομαι
1116 2842 1329 2933 παράγωχον,
1360 2842 1443 2914 οὕτω

307 2949 364 3017 καί
387 2947 480 3038 παρὰ
502 2947 540 3018 τὸ
564 2949 640 3032 ὁδὸς
661 2949 784 3039 γίνεται
807 2951 882 3031 ὁδῷ,
909 2951 1017 3037 τροπῇ
1039 2951 1099 3016 τοῦ
1128 2950 1148 3015 δ
1170 2946 1218 3028 εἰς
1238 2974 1259 3016 τ
1281 2943 1358 3032 bus,
1388 2948 1444 3016 καὶ

307 3057 505 3144 πλεονασμῷ
526 3058 586 3121 τοῦ
608 3081 634 3144 φ
655 3055 712 3122 καί
736 3082 749 3121 ι
772 3056 887 3143 φοιτῷ.
1095 3133 1098 3138 ¹

393 3178 446 3242 Ελ.
462 3178 508 3245 Μ.
529 3200 561 3263 p.
581 3181 651 3259 797,
666 3180 721 3241 43:
753 3192 884 3262 Φοιτητὴς
913 3170 931 3242 ὁ
949 3171 1106 3266 μαθητὴς
1126 3172 1183 3240 καί
1200 3173 1217 3238 ὅ
1233 3169 1443 3253 διδάσκαλος·

307 3280 343 3346 ἐκ
364 3282 424 3347 τοῦ
446 3283 552 3368 φοιτῷ
573 3276 736 3370 φοιτήσω·
760 3275 911 3365 σημαίνει
932 3274 971 3346 τὸ
992 3280 1095 3367 ὁρμῷ·
1118 3275 1241 3364 γίνεται
1263 3273 1360 3364 παρὰ
1380 3274 1440 3367 τὴν

307 3379 373 3470 πρὸ
398 3378 561 3470 πρόθεσιν
588 3382 645 3448 καί
675 3378 713 3449 τὸ
742 3378 816 3463 ίτῶ,
847 3376 886 3448 τὸ
909 3377 1109 3469 πορεύομαι,
1137 3376 1316 3468 ῥηματικὸν
1340 3375 1443 3466 ὄνομα

309 3482 378 3566 ἱτὸς
417 3481 556 3570 προϊτός
594 3488 724 3573 προϊτιῦ
764 3483 821 3551 καὶ
857 3487 1038 3574 συναιρέσει
1073 3486 1202 3572 προιτῷ
1234 3482 1292 3549 καί
1326 3479 1445 3572 ἐκβολῇ

307 3591 367 3656 τοῦ
386 3616 404 3677 ρ
426 3588 482 3654 καὶ
502 3591 615 3678 τροπῇ
630 3591 690 3655 τοῦ
711 3587 814 3676 ψιλοῦ
832 3585 880 3668 εἰς
902 3585 986 3654 δασὺ
1008 3589 1125 3676 φοιτῶ.
1154 3581 1177 3676 ἢ
1198 3582 1291 3673 παρὰ
1314 3588 1353 3653 τό
1369 3583 1444 3666 ὁδὸς

307 3693 387 3774 ὁδῷ,
418 3694 618 3779 πλεονασμῷ
639 3693 698 3757 τοῦ
720 3718 733 3757 ι
756 3689 851 3773 οίδῶ,
881 3693 989 3781 τροπῇ
1015 3692 1075 3757 τοῦ
1104 3686 1195 3769 δείς
1215 3715 1235 3754 τ
1258 3685 1354 3772 οἰτῶ,
1385 3687 1442 3755 καί

307 3796 506 3883 πλεονασμῷ
534 3796 594 3861 τοῦ
620 3819 646 3882 φ
673 3797 788 3882 φοιτῶ.
824 3791 976 3883 σημαίνει
1006 3793 1042 3860 δέ
1067 3789 1105 3860 τὸ
1132 3793 1222 3880 όρμῶ
1249 3790 1307 3857 καὶ
1334 3818 1442 3879 παρα-

308 3896 455 3985 γίνομαι·
480 3895 560 3966 ὅθεν
581 3895 620 3966 τὸ
644 3896 755 3987 φοίτα.
801 3899 867 3964 cfr.
890 3901 989 3963 etiam
1011 3899 1066 3963 Et.
1083 3897 1166 3963 Gud.
1190 3919 1220 3983 p.
1239 3899 1313 3978 556,
1331 3901 1380 3963 10.

395 4021 490 4088 *Seh.
514 4022 649 4086 Theocr.
673 4021 721 4085 Id.
745 4021 835 4085 Ῑ49ῑ
868 4035 1019 4107 Τριόξιμον.·
1047 4013 1141 4106 παρὰ
1167 4013 1205 4084 τὸ
1227 4017 1295 4101 τρῶ
1320 4012 1358 4082 τὸ
1385 4039 1442 4104 ση-

307 4128 425 4208 μαῖνον
445 4119 483 4190 τὸ
503 4119 652 4210 βλάπτω,
676 4119 872 4210 παράχωγον
886 4119 1008 4210 τρώχω.
1033 4119 1185 4209 σημαίνει
1207 4116 1303 4186 δὲτὸ
1326 4144 1441 4206 κατερ-

308 4222 471 4314 γάζεσθαι
487 4225 544 4293 καὶ
559 4223 605 4316 μὴ
622 4225 678 4293 έᾶν
694 4221 789 4294 ἅτινα
803 4221 918 4316 τρώχει
933 4251 985 4305 τις
998 4220 1088 4316 ὑχιᾶ·
1113 4216 1168 4312 ἀφ’
1188 4210 1227 4287 οὗ
1240 4220 1298 4290 καὶ
1313 4225 1440 4312 τρῶγες,
