3070 4910
672 301 961 363 ·-16-

282 490 423 575 priorem
452 489 611 552 conclusit
647 488 756 553 verbis
785 481 852 552 ἀλλ’
878 482 1024 570 ἐσιώπα,
1055 511 1140 574 quae
1170 493 1274 556 verba
1302 492 1425 558 deinde

283 594 388 657 altera
410 593 543 678 genuini
568 591 681 655 scholii
699 599 791 677 parte
816 593 1033 678 excipiuntur.
1068 594 1177 679 Atque
1199 596 1269 659 reri
1293 597 1422 660 similli-

282 718 371 760 mum
395 702 444 761 est
467 697 548 760 haec
571 696 634 759 duc
658 696 782 760 scholia
806 697 883 760 olim
906 697 987 760 alius
1009 697 1140 781 generis
1165 699 1310 779 scholiis,
1335 721 1424 784 quae

282 799 376 865 nobis
406 806 535 864 servata
557 820 621 862 non
644 804 734 880 sunt,
767 799 946 864 interiectis
968 801 1098 886 longius
1121 801 1284 865 disiuncta
1306 801 1423 866 fuisse.

368 903 418 966 Ac
441 925 482 967 ne
506 903 553 966 illi
576 902 708 988 quidem
730 902 809 983 loci,
843 903 960 988 quibus
991 905 1095 988 magis
1124 907 1279 969 universa
1301 911 1423 990 poetae

282 1009 457 1072 verborum
481 1009 644 1072 sententia
666 1007 792 1072 reddita
816 1013 882 1088 cst,
906 1029 1038 1092 prorsus
1062 1008 1226 1092 denegant
1249 1009 1422 1093 originem,

284 1133 380 1196 quam
397 1133 440 1176 ex
456 1112 609 1175 continua
624 1110 816 1197 paraphrasi
829 1111 1005 1196 petierunt.
1039 1110 1124 1175 Nam
1141 1111 1287 1196 quamvis
1303 1133 1422 1196 parum

283 1214 459 1299 diligenter
483 1232 558 1279 sese
582 1214 746 1300 applicent
769 1212 810 1277 ad
833 1219 951 1299 poetae
973 1235 1101 1295 versus,
1129 1214 1287 1298 incipiunt
1308 1219 1424 1279 tamen

283 1318 475 1403 saepissime
498 1317 539 1381 ab
563 1317 766 1381 accuratiore
790 1317 994 1402 paraphrasi,
1019 1339 1101 1402 quae
1125 1315 1244 1382 deinde
1261 1319 1422 1402 paulatim

283 1421 492 1485 obscuratur:

369 1524 540 1588 Habemus
564 1523 605 1586 ad
628 1522 677 1589 Id.
701 1522 736 1586 II
759 1525 800 1587 66
823 1523 873 1604 (Ζ.
897 1545 928 1608 p.
942 1522 997 1608 23)
1021 1524 1082 1588 hoo
1105 1524 1281 1587 scholium:

370 1629 420 1691 66.
437 1632 545 1694 *Hve’ct
561 1644 599 1695 τῶ
617 1638 755 1711 onolton:
778 1619 910 1711 άρχαιαι
933 1627 1132 1712 διηγεῖσθαι,
1157 1621 1250 1704 ὅπως
1270 1623 1422 1691 ἐνέπεσεν

283 1727 330 1808 εἷς
361 1725 419 1796 τὸν
451 1725 566 1815 ἔρωτα.
601 1728 702 1818 φησὶ
738 1727 775 1795 δὲ
808 1725 926 1808 οὕτως·
966 1720 1067 1818 ἦλθεν
1101 1732 1120 1817 ἡ
1156 1730 1216 1795 τοῦ
1252 1723 1422 1813 Εὐβούλου

282 1829 430 1920 θυγάτηρ
449 1826 577 1914 Ἀναξώ
593 1828 825 1922 κανηφσρσῦσα
845 1835 887 1922 τῇ
905 1827 1073 1920 Ἀρτέμιδι
1089 1832 1146 1899 καὶ
1169 1828 1311 1920 πομπὴν
1333 1831 1422 1898 ἑπα-

283 1935 401 2023 γσμένη
422 1938 463 2024 τῇ
485 1937 567 2024 θεῷ,
591 1931 673 2024 αὐτὴ
702 1935 739 2003 δὲ
765 1937 1021 2023 παρακληθεῖσα
1043 1932 1111 2003 ὑπὸ
1134 1931 1232 2024 φίλης
1254 1933 1312 2002 ἐπὶ
1335 1933 1422 2001 θέαν

281 2041 341 2128 τῆς
370 2040 513 2129 πομπῆς
539 2031 637 2129 ἦλθε,
668 2036 778 2128 φησί,
810 2038 868 2106 καὶ
900 2037 1019 2106 ἰδοῦσα
1045 2036 1102 2106 ’τὸν
1132 2038 1257 2128 Λὲλφιν
1287 2033 1422 2128 ἠράσθη

283 2137 393 2209 αὐτοῦ.
436 2144 627 2209 Continetur
649 2145 712 2209 hoc
736 2146 859 2210 scholio
883 2147 977 2230 quasi
1000 2151 1227 2230 argumentum
1251 2144 1422 2208 Theocriti

283 2269 437 2312 versuum
459 2248 535 2312 inde
559 2270 579 2312 a
600 2271 630 2314 v.
648 2250 689 2312 66
712 2270 815 2334 usque
839 2248 880 2312 ad
903 2271 932 2315 v.
952 2253 1005 2312 77:
1030 2241 1117 2314 εἶδον
1140 2245 1273 2334 Δέλφιν.
1318 2246 1420 2327 Initii,

283 2352 367 2437 quod
390 2353 452 2416 hoc
475 2358 526 2416 est
549 2350 636 2438 apud
659 2352 883 2417 Theocritum:

487 2442 551 2525 ἦσθ’
570 2455 588 2506 ά
605 2450 767 2522 τωῦβσύλσισ
786 2455 943 2527 κατηφόρσς
961 2452 1049 2526 άμμιν
1065 2451 1165 2514 Ἀναξώ

491 2538 571 2600 ἄλσος
589 2541 615 2600 ἐς
631 2537 792 2612 Ἀρτέμιδος,

285 2635 436 2716 superest
460 2629 539 2693 satis
562 2629 661 2714 plena
683 2629 902 2715 paraphrasis,
933 2628 1088 2715 deinceps
1111 2649 1206 2709 vero,
1234 2627 1292 2692 ubi
1314 2628 1421 2690 nomi-

284 2740 381 2798 natur
403 2756 432 2798 v.
453 2737 491 2798 70
509 2755 555 2818 sq.
583 2749 600 2800 ά
620 2746 774 2817 Θευχαρίιλα
799 2749 909 2819 Θρᾷσσα
932 2747 1034 2819 τροφός
1058 2747 1244 2819 &Musonius
1266 2743 1424 2818 α’γχίθυρσς

284 2853 410 2918 ναίοισι,
446 2837 528 2901 haec
558 2837 591 2900 in
623 2836 747 2900 scholio
779 2835 971 2921 simpliciter
1000 2834 1181 2899 redduntur
1214 2834 1421 2898 substantivo

284 2935 416 3026 ,,φι’λη“.

369 3043 546 3107 Praeterea
580 3042 776 3106 scholiastae
806 3047 882 3105 ante
917 3042 1029 3106 oculos
1063 3041 1166 3104 fuisse
1200 3041 1301 3103 multo
1334 3040 1422 3103 inte-

285 3145 427 3231 griorem
451 3146 706 3232 amplioremque
730 3166 770 3209 ea
787 3165 870 3228 quae
886 3144 980 3209 nobis
1004 3144 1118 3208 relicta
1137 3149 1187 3208 cst
1203 3143 1422 3229 paraphrasin

285 3249 500 3314 demonstrari
516 3247 645 3312 videtur
665 3249 763 3312 etiam
779 3249 845 3329 illo,
868 3247 954 3333 quod
977 3249 1079 3313 altero
1101 3249 1173 3312 loco
1193 3247 1337 3332 positum
1360 3253 1422 3328 est,

285 3354 385 3416 verbo
409 3348 501 3439 φησί.
546 3350 639 3425 Quod
661 3352 797 3417 verbum
821 3353 952 3417 omnino
974 3373 1040 3416 non
1069 3352 1217 3437 congruit
1251 3373 1324 3415 cum
1350 3356 1423 3416 tcta

285 3456 463 3522 verborum,
483 3456 737 3541 compositione,
765 3457 827 3520 nisi
851 3457 1025 3521 statuimus
1055 3457 1131 3521 olim
1155 3455 1293 3541 scriptas
1318 3455 1421 3519 fuisse

284 3581 342 3645 pro
366 3561 471 3626 altera
500 3559 605 3624 forma
634 3548 719 3647 ἦλθε
747 3566 780 3624 et
802 3582 861 3645 pro
884 3551 1016 3648 η’ράσθη
1039 3560 1160 3623 formas
1191 3559 1315 3644 primae
1343 3580 1420 3644 per-

286 3685 385 3728 sonae
413 3653 519 3752 ἦλθον
543 3669 575 3726 ct
597 3655 757 3750 ἠράσθην,
787 3663 807 3728 i.
825 3685 853 3729 e.
877 3663 977 3728 fuisse
1008 3664 1162 3728 artiorem
1190 3667 1309 3748 poetae
1340 3683 1420 3726 con-

285 3773 397 3831 textus
432 3772 465 3832 et
498 3765 736 3852 paraphraseos
772 3787 945 3832 conexum.
1010 3766 1147 3852 Semper
1182 3766 1269 3831 enim
1303 3766 1336 3828 in
1368 3764 1421 3828 his

287 3871 418 3934 scholiis
441 3871 502 3935 hoc
518 3865 610 3958 φησί,
633 3869 720 3954 quod
743 3868 838 3934 modo
859 3871 1071 3956 praeponitur
1086 3870 1182 3934 modo
1197 3870 1421 3948 intercalatur,

285 3973 533 4039 introducuntur
555 3993 725 4058 personae,
750 3994 830 4058 quas
854 3980 953 4059 poeta
974 3974 1146 4059 loquentes
1161 3969 1290 4056 fecit1),
1312 3993 1420 4056 neque

375 4148 397 4213 ¹)
417 4146 469 4200 cfr.
489 4145 580 4200 Schol.
598 4144 639 4199 Id.
652 4144 679 4198 ΙΙ
698 4143 730 4198 71
750 4144 788 4212 (Ζ.
807 4163 834 4214 p.
850 4145 909 4209 23):

373 4230 576 4290 Kareuiuro:
594 4225 703 4302 ὥρκισε.
728 4228 813 4299 φησὶ
837 4229 867 4282 δὲ
891 4226 933 4284 ὅτι
955 4228 1141 4302 πραετράπην
1163 4227 1233 4296 (cod.
1247 4226 1422 4300 προιτράφη)
