3070 4910
600 263 812 326 *tl—-

223 449 350 526 Quodsi
371 451 443 536 quis
466 450 550 516 forte
571 450 790 535 suspicabitur
810 449 896 515 hunc
918 451 1113 516 scholiorum
1136 471 1274 516 conson-

133 579 208 620 sum
233 556 377 642 pondere
401 577 444 620 ex
461 562 618 619 contextu
640 561 759 640 poetae
774 556 856 641 ipso,
879 556 907 619 is
923 556 1019 618 velim
1038 557 1276 620 animadvertat

131 682 245 745 neque
277 656 527 746 καταφέρεσθαι
556 679 661 743 neque
685 653 805 738 δύνειν,
837 660 955 743 quibus
987 645 1096 725 verbis
1130 660 1192 740 tria
1218 662 1275 724 illa

131 764 262 828 scholia
273 765 381 828 omnia
392 765 610 842 consentiunt,
621 763 707 849 apud
718 763 1012 848 Theocritumlegi,
1024 765 1272 846 nequeverbum
1346 821 1348 825 .

131 862 259 954 παύσῃ,
278 866 365 951 quod
380 866 505 931 habent
521 867 645 930 scholia
661 868 799 952 primum
817 873 850 930 et
866 867 1006 946 tertium,
1028 886 1134 950 neque
1151 861 1274 952 ταράσ-

132 993 212 1050 σειν,
239 970 325 1057 quod
348 971 510 1056 praebent
534 971 657 1034 scholia
680 970 818 1055 alterum
842 977 876 1035 et
899 971 1040 1034 tertium.

221 1191 325 1274 Multo
342 1193 565 1278 frequentiora
578 1161 732 1258 videlicet
745 1199 821 1257 sunt
832 1195 962 1278 gemina
975 1193 1139 1279 scholia1),
1156 1195 1273 1278 quibus

132 1318 234 1361 unum
259 1297 412 1380 idemque
441 1297 527 1381 quod
547 1297 632 1360 olim
658 1297 767 1361 luerat
796 1299 954 1362 scholium
977 1299 1066 1361 vario
1093 1297 1189 1360 modo
1214 1319 1272 1362 ex-

131 1423 285 1487 pressum
322 1401 521 1474 continetur;
556 1401 589 1464 in
623 1400 675 1463 his
711 1402 810 1484 igitur
843 1400 1018 1491 scholiasta
1051 1401 1119 1465 sire
1153 1401 1272 1466 nimiae

131 1505 355 1570 similitudinis
380 1505 490 1589 specie
507 1510 686 1568 commotus
703 1505 772 1568 sive
791 1505 903 1569 nescio
927 1525 988 1588 quo
1005 1504 1139 1568 arbitrio
1156 1503 1272 1568 ductus

129 1609 266 1672 tertium
290 1607 419 1671 videtur
443 1609 603 1672 omisisse.

220 1814 294 1878 Hoc
319 1814 522 1879 scholiorum.
541 1835 702 1879 consensu
725 1815 844 1879 adiutis
868 1836 1062 1900 quamquam
1079 1815 1272 1900 intellegere

130 1919 225 1984 nobis
246 1918 334 1998 licet,
360 1940 424 2002 qua
447 1921 570 1982 ratione
594 1927 626 1982 et
649 1921 701 1983 via
725 1920 903 1983 scholiasta
926 1920 1048 2005 'corpus
1072 1920 1270 1984 scholiorum

129 2022 359 2107 composuerit,
376 2023 517 2106 quaesit
534 2022 730 2086 scholiorum
749 2022 951 2106 quorundam
968 2031 1070 2102 aetas,
1094 2043 1156 2106 quo
1173 2016 1270 2087 modo

127 2124 255 2188 factum
280 2126 324 2188 sit
345 2132 382 2188 ut
405 2127 438 2188 in
461 2125 541 2210 ipsis
570 2125 619 2190 his
651 2125 840 2211 duplicibus
859 2129 911 2190 vel
934 2126 1116 2211 triplicibus
1140 2127 1271 2190 scholiis

129 2228 293 2312 plurimae
309 2228 398 2291 hient
410 2229 547 2292 lacunae
557 2229 600 2310 2);
617 2230 700 2293 haec
717 2235 827 2293 tamen
844 2230 952 2292 omnia
970 2251 1035 2293 non
1051 2231 1130 2293 satis
1146 2230 1271 2294 firmam

128 2332 384 2395 subministrant
406 2353 563 2412 normam,
587 2355 651 2418 qua
673 2334 721 2396 uti
742 2333 904 2419 possimus
929 2331 970 2396 ad
994 2333 1186 2398 dissuendae
1211 2357 1269 2419 ge-

127 2435 219 2498 nuini
242 2434 329 2498 illius
352 2436 574 2499 commentarii
598 2437 764 2520 reliquias.

216 2539 333 2602 Altera
367 2539 465 2623 igitur
500 2539 794 2624 circumspicienda
826 2547 877 2604 est
906 2541 974 2622 via,
1012 2563 1107 2625 quam
1138 2550 1271 2627 praeter

129 2643 215 2706 hanc
239 2641 471 2727 ingrediamur.
506 2643 637 2708 Etenim
659 2645 693 2708 in
716 2645 954 2730 perlustrandis
978 2647 1116 2730 singulis
1138 2649 1270 2712 scholiis

127 2746 306 2830 diligenter
338 2746 560 2831 quaerendum
592 2754 657 2828 est,
689 2769 764 2811 num
793 2748 833 2812 ad
859 2748 965 2833 ipsum
996 2747 1037 2811 de
1070 2770 1134 2833 quo
1163 2751 1270 2834 agitur

128 2856 249 2934 poetae
273 2850 382 2914 locum
412 2857 573 2937 concepta
604 2853 684 2930 sint,
718 2858 751 2916 et
781 2857 888 2915 utrum
918 2857 1052 2937 propter
1078 2855 1268 2939 arnpliorem

127 2953 433 3037 accuratioremque
457 2953 631 3019 enarrandi
655 2955 857 3039 diligentiam
881 2975 919 3018 ac
942 2961 1077 3040 propter
1099 2963 1268 3021 auctorum

128 3057 182 3139 qui
208 3055 395 3118 excitantur
418 3056 547 3119 nomina
576 3057 732 3120 maiorem
762 3055 990 3139 antiquitatem
1020 3057 1081 3120 sibi
1104 3057 1268 3121 vindicare

127 3161 312 3241 videantur,
336 3181 377 3222 an
393 3161 622 3223 communioris
639 3161 727 3224 illius
751 3159 930 3240 doctrinae,
954 3181 1037 3245 quae
1053 3163 1184 3247 propria
1199 3169 1269 3227 erat

128 3264 321 3348 posterioris
353 3264 470 3326 aetatis
499 3263 677 3326 studiorum
710 3263 995 3344 scholasticorum,
1023 3267 1163 3350 vestigia
1189 3287 1267 3352 prae

127 3387 163 3429 se
184 3366 304 3432 ferant.
349 3365 421 3438 Qua
442 3368 569 3431 ratione
596 3368 623 3430 si
645 3368 778 3448 utimur,
802 3367 865 3430 duo
890 3367 1055 3452 imprimis
1070 3370 1267 3433 scholiorum

126 3491 253 3554 genera
275 3492 295 3533 a
318 3471 437 3534 ceteris
462 3476 691 3555 segregantur,
720 3491 857 3556 quorum
888 3472 991 3535 altero
1022 3478 1138 3556 poetae
1164 3472 1266 3558 ipsius

125 3576 230 3640 verba
253 3577 440 3640 accuratius
463 3577 509 3640 ita
533 3578 753 3662 explicantur,
781 3581 823 3640 ut‘
841 3597 924 3662 quae
948 3578 1050 3642 verba
1073 3577 1266 3642 Theocritus

126 3701 218 3744 more
241 3680 370 3764 poetico
388 3681 552 3764 expressit
575 3702 636 3765 quo
660 3681 787 3744 facilius
804 3680 1046 3766 intellegantur,
1070 3683 1175 3746 soluta
1191 3684 1265 3748 red-

132 3793 335 3802 -.-.-—---———

220 3853 239 3913 ¹)
259 3849 313 3904 cfr.
332 3850 360 3904 Z.
378 3868 405 3919 p.
420 3850 453 3902 15
471 3851 495 3919 (Ι
513 3851 571 3918 93):
584 3847 662 3904 ’Ἁνυε
679 3851 785 3923 μοίρας.
803 3882 833 3891 -
853 3853 880 3905 Z.
899 3871 926 3921 p.
939 3853 974 3906 30
992 3853 1043 3919 (ΙΙΙ
1060 3853 1095 3906 40
1113 3853 1142 3904 el
1159 3853 1213 3920 41).
1232 3885 1265 3893 -
1326 3901 1328 3903 .

125 3937 154 3990 Ζ.
167 3954 197 4004 p.
207 3937 241 3989 39
253 3936 290 4004 (V
300 3937 356 4004 lh):
376 3935 467 3989 Βαίτα.
482 3967 512 3976 -
532 3937 558 3991 Ζ,
573 3955 600 4005 p.
611 3939 645 3991 53
659 3938 791 4005 (V1123):
812 3934 1086 4008 Orid'a'ncroprflt'dccr.
1099 3969 1130 3977 —
1151 3939 1178 3992 Z.
1191 3958 1218 4008 p.
1232 3943 1266 3994 55

126 4022 193 4089 (VII
211 4023 244 4075 57
263 4025 291 4075 et
308 4022 362 4088 59).
382 4052 415 4060 -
433 4023 461 4076 Z.
481 4041 508 4091 p.
520 4025 554 4076 56
574 4024 699 4090 (V1169)
719 4027 771 4078 etc.

163 4145 168 4152 ·
217 4109 238 4175 ²)
257 4108 295 4162 cf.
312 4125 408 4177 supra:
432 4109 795 4177 p.o‚1d.185num.1ss;
819 4111 884 4178 p.9,
902 4109 1159 4174 1d.14nun1.111;
1181 4129 1209 4180 p.
1223 4113 1264 4180 10,

125 4195 168 4250 Id.
183 4193 198 4246 I
215 4195 263 4248 117
281 4212 356 4248 num.
370 4196 407 4259 11;
427 4198 478 4249 etc.
