3070 4910
767 281 981 368 ..λλ-

400 491 501 555 Porro
525 491 663 576 legimus
687 489 728 554 ad
751 487 888 554 Theocr.
912 489 962 556 Id.
984 487 1052 555 VII
1071 491 1109 555 12
1132 488 1288 558 adnotata
1310 493 1412 556 hacc:

400 589 517 658 Κύδων
549 587 652 678 όνομα
678 589 804 671 ἔθνους.
845 589 915 658 ἔστι
950 592 986 659 δὲ
1017 591 1075 658 καί
1109 590 1208 674 πόλις
1232 591 1354 660 Κίνδων
1383 587 1458 660 άπὸ

312 693 468 776 Κάδωνος
489 699 549 762 τοῦ
574 690 693 782 Ἕρμοῖ
723 695 780 762 καί
806 689 1060 775 Ἀκακαλλίδος;
1094 718 1177 782 quac
1207 696 1348 762 conferri
1376 719 1458 783 pos-

314 807 390 864 sunt
413 822 486 864 cum
511 799 583 864 Sch.
608 801 718 886 Apoll.
743 801 791 864 IV
818 803 900 864 1492
924 800 971 886 (p.
990 799 1147 885 525‚15):

397 895 611 988 Ἀλέξανδρος
630 901 666 968 δέ
684 900 716 967 ἐν
731 897 852 988 πρώτη)
867 904 1039 990 Κρητικῶν
1058 904 1099 991 τῇ
1109 895 1325 968 Ἀκακαλλίδι
1341 903 1458 968 συνελ-

313 1006 388 1069 θεῖν
410 1025 492 1091 φησι
512 999 569 1069 τὸν
582 998 702 1092 Ἑρμῆν
724 1003 781 1070 καί
801 1000 859 1070 τὸν
877 997 1084 1085 Ἀπόλλωνα,
1116 1003 1174 1070 καί
1197 1004 1233 1070 ἐκ
1254 1004 1315 1089 μέν
1326 998 1458 1072 Ἀπόλ-

230 1126 234 1132 ·
312 1107 414 1185 λωνος
435 1105 589 1192 γενέσθαι
606 1104 726 1189 Νάξον,
752 1106 789 1172 ἐκ
811 1106 847 1173 δέ
866 1100 985 1194 Ἑρμοῦ
999 1103 1151 1190 Κύδωνα,
1177 1101 1232 1196 ἀφ’
1258 1096 1298 1173 οὗ
1319 1104 1459 1195 ἡπόλις

314 1209 469 1278 Κοδωνία
492 1213 642 1279 καλεῖται
665 1212 697 1279 ἐν
718 1210 840 1304 Κρήτη.

399 1419 493 1484 Haeo
517 1419 663 1504 quidem,
692 1419 732 1484 de
758 1419 874 1504 quibus
899 1419 983 1500 dixi,
1013 1421 1136 1486 scholia
1159 1421 1356 1486 Theocritea
1381 1443 1457 1485 oum

314 1545 470 1610 perquam
505 1523 729 1588 circumcisam
764 1524 901 1586 formam
933 1523 1129 1588 scholiorum
1158 1525 1457 1610 Apollonianorum

314 1627 505 1712 praebeant,
528 1627 626 1692 facile
642 1629 802 1713 quispiam
825 1627 976 1712 opinetur
994 1628 1203 1692 scholiastam
1219 1627 1456 1692 Theocriteum

315 1731 523 1815 excerpsisse
553 1730 706 1794 historias
737 1729 914 1815 Apollonii.
960 1730 1007 1793 At
1035 1752 1101 1794 non
1131 1737 1258 1795 tantum
1287 1731 1400 1794 insunt
1422 1731 1456 1793 in

315 1833 448 1897 scholiis
472 1832 677 1898 Theocriteis
701 1833 873 1912 nonnulla,
901 1854 985 1916 quae
1015 1834 1047 1897 in
1072 1834 1204 1898 scholiis
1227 1833 1457 1918 Apollonianis

318 1936 440 1999 frustra
462 1957 619 2020 quaeras,
650 1936 708 2000 sed
732 1936 830 1999 ctiam
858 1956 988 2021 prorsus
1020 1935 1209 2000 debilitatur
1231 1935 1287 2000 illa
1310 1938 1457 2022 opinatio

319 2037 444 2102 collatis
468 2039 515 2102 eis
539 2038 672 2102 scholiis
695 2038 939 2124 Apollonianis‚
963 2059 1047 2123 quac
1070 2039 1218 2104 similiter
1241 2039 1374 2123 quidem
1398 2035 1456 2103 dc-

318 2148 477 2207 ourtatam
517 2143 660 2228 speciem
692 2139 961 2207 Theocriteorum
995 2141 1150 2223 reddunt,
1191 2160 1305 2208 verum
1339 2139 1457 2208 eadem

320 2247 443 2311 habent
466 2269 531 2311 non
554 2269 669 2333 pauca,
693 2267 776 2332 quac
800 2248 832 2310 in
857 2246 932 2310 soh.
957 2246 1096 2312 Theocr.
1121 2245 1254 2311 desunt:

300 2400 304 2410 .
404 2349 516 2416 Veluti
532 2349 687 2415 traditum
709 2355 760 2414 est
782 2349 823 2416 ad
839 2349 977 2415 Theoor.
994 2348 1043 2416 Id.
1060 2347 1177 2414 vllcr
1201 2349 1262 2415 hoc
1281 2349 1457 2414 scholium:
1512 2393 1513 2406 l

401 2449 544 2519 Ἀλκυὼν
578 2449 726 2542 θυγάτηρ
756 2453 816 2539 μὲν
843 2449 974 2520 Αἰόλου
1010 2452 1067 2519 καί
1099 2449 1278 2542 Καναῖβης,
1310 2451 1388 2542 γυνὴ
1422 2454 1459 2521 δὲ

317 2553 459 2646 Κήυκος.
501 2550 713 2644 Ἀλέξανδρος
727 2556 778 2623 ’δέ
811 2580 910 2645 φησιν
937 2553 1140 2639 δΜάνδιος,
1177 2554 1228 2623 ότι
1257 2554 1339 2646 αὕτη
1368 2560 1459 2624 θεῶν

317 2661 427 2750 λέληχε
443 2661 615 2750 Νηρηίδων
625 2661 831 2743 Λευκοθέαν,
849 2657 1057 2746 Παλαίμονα,
1071 2655 1281 2749 Ἀφροδίτην.
1305 2657 1460 2742 ἁλκυόνος

319 2756 375 2830 οὖν
396 2762 583 2855 ἐκλήθησαν
610 2762 703 2850 παρὰ
731 2761 770 2832 τὸ
799 2764 832 2830 έν
855 2759 911 2831 ἁλί
938 2760 1034 2830 κάειν.
1076 2758 1266 2851 Ἀντίγονος
1289 2764 1326 2832 δέ
1348 2787 1458 2852 φησιν,

319 2864 398 2936 ὅταν
412 2865 597 2956 γηράσωσιν
611 2866 647 2936 αῖ
663 2864 822 2951 ἁλκυόνος,
839 2864 995 2956 κηρόλους
1011 2869 1199 2934 καλεῖσθαι.
1226 2863 1460 2956 Ἀριστοτέλης
1511 2873 1512 2878 ’

319 2971 355 3038 δὲ
377 2968 526 3060 διῄρησεν
553 2967 693 3040 ἀλκυόνα
720 2972 778 3039 καὶ
812 2969 949 3062 κήρυλον
975 2971 1031 3038 καί
1059 2969 1210 3060 κορώνην.
1259 2969 1460 3061 ’Θρηνητικδν

319 3073 414 3142 δὲτὸ
437 3077 520 3165 ζηῖον
543 3076 600 3142 καὶ
623 3073 716 3162 παρὰ
741 3081 812 3156 τοῖς
835 3075 999 3163 αἰγιαλοῖς
1025 3072 1196 3159 νεοττεύει,
1225 3077 1283 3144 καί
1306 3079 1346 3144 τὸ
1369 3079 1458 3163 κῦμα

318 3173 510 3269 ἀφαιρεῖται
538 3175 640 3248 αὐτοῦ
667 3177 744 3260 τοὺς
766 3177 927 3260 νεοσσούς.
964 3177 1008 3247 ιδ’
1038 3179 1075 3247 δέ
1100 3204 1202 3269 φασιν
1223 3179 1355 3270 ἡμέρας,
1381 3178 1459 3248 ὅταν

318 3285 427 3374 γεννᾷ,
451 3279 619 3367 εὖδιάζειν,
643 3276 683 3365 δίς
709 3285 866 3351 καλοῖσιν
888 3279 1096 3367 άλκυονίδας,
1127 3279 1154 3368 ζ’
1177 3281 1243 3373 πρὸ
1266 3288 1325 3374 τῆς
1348 3282 1458 3375 γεννή-

318 3410 401 3468 σεως
422 3387 479 3453 καὶ
503 3384 531 3470 ζ’
553 3384 636 3472 μετὰ
657 3384 716 3478 τὴν
737 3387 890 3476 γέννησιν.

406 3491 507 3556 (iuius
532 3493 646 3558 scholii
673 3493 809 3559 alteram
833 3501 960 3559 tantuin
983 3501 1126 3580 partem,
1157 3492 1327 3558 auctorum
1352 3496 1457 3559 nomi-

318 3597 425 3678 nibus,
451 3618 534 3682 quae
558 3599 592 3661 in
615 3599 691 3663 seh.
715 3599 852 3664 Theocr.
877 3602 1061 3680 occurrunt,
1085 3598 1222 3678 omissis,
1250 3597 1392 3682 legimus
1417 3597 1457 3662 ad

318 3698 484 3788 Apollonii
515 3701 572 3766 lib.
602 3701 619 3766 Ι
649 3705 730 3766 1086
760 3702 803 3788 (p.
826 3706 899 3784 367,
918 3702 990 3787 32):
1020 3698 1146 3786 λέγεται
1178 3699 1214 3766 δὲ
1241 3697 1298 3765 καὶ
1328 3700 1347 3764 δ
1375 3696 1457 3778 Ζεὺς

320 3804 439 3892 ἐφεξῆς
461 3802 696 3871 πεντεκαίδεκα
718 3803 840 3892 ἡμέρας
861 3799 895 3894 η’,
924 3800 968 3884 ὥς
989 3829 1089 3885 τινες,
1118 3799 1161 3869 ιδ’
1185 3797 1313 3882 εὗδινδις
1335 3809 1455 3884 ποιεῖν,

321 3909 375 3972 ἵνα
399 3901 572 3997 άποκυήση
596 3908 681 3991 (scil.
708 3911 728 3997 η
752 3903 891 3995 άλκυαῖν)
915 3904 1008 3994 παρὰ
1029 3912 1100 3987 τοῖς
1129 3904 1307 3994 αἰγιαλοῖς,
1337 3903 1380 3973 αἳ
1399 3901 1456 3972 άλ-
1509 3919 1510 3997 η

319 4007 466 4090 κυονίδες
494 4009 611 4099 ἡμέραι
639 4013 828 4093 καλοῦνται,
861 4007 947 4078 ἑπτὰ
976 4007 1042 4098 πρὸ
1069 4013 1129 4078 τοῖ
1157 4005 1255 4077 τόκου
1283 4010 1341 4076 καὶ
1370 4009 1456 4077 ἑπτά

318 4109 402 4198 μετά
428 4109 485 4180 τὸν
511 4110 615 4182 τόκον.
645 4113 757 4204 εἴληφε
784 4119 867 4202 (scil.
888 4110 1126 4199 Ἀπολλώνιος)
1154 4113 1190 4181 δὲ
1218 4110 1260 4180 τὰ
1287 4113 1366 4199 περὶ
1394 4117 1456 4182 ταῖν

321 4211 486 4284 ἀλκυόνων
512 4215 605 4306 παρὰ
634 4217 800 4308 Πινδάρου
828 4217 873 4288 ίκ·
890 4215 1056 4287 Παιάνων.
1086 4212 1225 4305 εὐλόγως
1250 4217 1287 4284 δὲ
1308 4211 1453 4300 ,,όσσαν“
1508 4225 1509 4316 η
