3070 4910
502 263 717 351 266-

34 465 104 539 εἶπε
129 469 192 598 τήν
220 475 280 562 τῆς
303 467 458 554 ἀλκυόνος
484 468 610 562 φωνήν·
638 467 707 541 ῦπδ
734 467 795 560 γὰρ
812 468 918 560 Ἥρας
943 463 982 562 ήν
1005 468 1173 541 άπεσταλ-

34 575 117 665 μένη,
142 573 188 656 δίς
212 600 294 666 φησι
317 574 493 666 Πίνδαρος.

117 679 171 744 Ad
196 680 333 746 Theoor.
357 681 405 747 Id.
429 680 481 745 ΙΙΙ
503 683 543 746 43
567 684 678 746 narrat
679 703 718 745 ur
665 680 806 744 thist
793 682 876 745 toria
899 679 1114 766 Melampodis
1139 687 1172 745 et

37 784 167 869 Iphicli:

122 887 191 973 (43)
219 903 272 972 Την
291 899 441 972 άγέλανχ’
459 923 479 955 ω
497 902 597 972 μάντις
616 890 689 972 [ἆγε]
710 901 883 971 Μελάμπους
918 879 1043 972 Νηλεὺς
1065 885 1083 951 6
1108 893 1174 951 Τυ-

39 991 111 1073 ροῦς
138 987 194 1054 καί
223 987 387 1076 Κρηθέως
412 983 471 1076 τήν
499 987 666 1075 θυγατέρα
697 984 841 1075 Πηρὼ
825 984 937 1074 εκείνην
965 983 1132 1054 δάσειν”
1110 1012 1172 1112 εφη

42 1097 170 1178 γυναῖκα
208 1095 256 1180 τιῦ
290 1091 348 1172 ἐξα
339 1088 438 1173 ’ξοντι
479 1088 539 1171 τὰς
583 1095 663 1178 βοῦς
696 1085 798 1158 αὐτοῦ
839 1085 909 1157 άπὸ
944 1084 1151 1213 Ἰφίκλου’
1137 1116 1173 1158 εκ

46 1191 198 1282 Φυλάκης.
237 1191 324 1274 Βίας
347 1194 383 1261 δὲ
398 1195 416 1261 6
432 1190 663 1319 Μελάμποδος
678 1186 857 1282 ἆδελφδς”
835 1218 899 1316 ηρα
915 1187 1017 1282 αὐτῆς
1032 1191 1171 1282 σφόδρα.

44 1299 61 1362 6
83 1288 133 1363 οῦν
147 1293 357 1383 Μελάμπους
379 1294 537 1364 έλθιὺν’
508 1322 556 1377 εις
577 1294 636 1387 τήν
648 1292 792 1385 Ἰφίκλου
806 1293 913 1384 χώραν
936 1293 1050 1363 διὰ
1012 1322 1072 1377 τας
1094 1299 1173 1424 βοῦς

46 1397 218 1488 έδεσμεῦθη
245 1394 323 1488 παρ’
350 1394 504 1488 Ἰφίκλου.
534 1399 708 1487 μέλλοντος
736 1400 771 1466 δε
793 1401 852 1466 τοῦ
880 1398 1108 1484 δωματίουᾙ
1092 1390 1173 1490 evol

47 1494 90 1592 ήν,
112 1501 260 1587 πίπτειν,
290 1501 407 1590 μάντις
436 1501 480 1570 ι’δν
502 1501 734 1594 προεμήνυσεν.
763 1503 850 1592 ἐφ
835 1531 860 1570 ιο
846 1493 1173 1592 καταπληχθείςδ

40 1600 174 1693 Ἰφικλος
195 1602 362 1674 έλυσεν.”
340 1632 455 1694 αγονον
478 1603 556 1675 δέ”
537 1634 615 1675 οντα
637 1604 694 1675 τὸν
709 1603 855 1695 Ἴφικλον
873 1604 1020 1696 ποιήσας
1042 1604 1174 1694 γόνιμον

49 1706 196 1796 ἔλαβε
159 1737 219 1791 τας
249 1714 328 1797 βοῦς
354 1708 468 1800 τρόπῳ
495 1712 628 1799 τοιῷδε·
660 1707 800 1798 Φυλάκην
827 1713 875 1798 τηῦ
901 1707 1019 1795 πατρί,
1053 1706 1108 1800 ἀφ’
1136 1702 1175 1780 06

50 1813 98 1879 καὶ
118 1817 135 1902 ἦ
155 1810 245 1903 χώρα
271 1810 403 1902 moldo]
433 1802 595 1896 ἐκαλεῖτο,
624 1813 772 1899 τέμνοντι
796 1813 925 1901 δένδρον
939 1815 961 1901 ¹)
991 1809 1032 1880 6'
1033 1809 1175 1904 Ιφικλος

52 1923 121 1997 παῖς
147 1914 191 1983 div
214 1915 416 2004 παρίστατο·
445 1909 481 1985 δν
507 1917 669 2008 ἐκπλῆξαι
698 1920 715 1984 6
747 1914 858 2008 πατήρ
887 1917 1009 2000 θέλων,
1041 1911 1079 2008 ἣν
1109 1913 1174 2002 εἶχε

51 2017 207 2109 μάχαιραν,
232 2019 280 2102 εἷς
293 2017 332 2089 τδ
348 2019 489 2110 πλησίον
512 2021 642 2109 δένδρον
657 2021 807 2111 έμπήξαι
822 2017 960 2109 ὥρμησε,
984 2021 1040 2088 καί
1057 2021 1173 2110 συνέβη

52 2121 219 2212 ἐπενεγκεῖν
248 2118 350 2214 αῦτήν
380 2129 451 2204 τοῖς
478 2121 609 2212 μορίοις
634 2128 693 2191 τοῦ
722 2121 854 2204 παιδός.
885 2123 960 2192 έπεί
992 2124 1028 2191 δέ
1059 2119 1175 2211 άμενος

54 2226 92 2314 [ἐκ
111 2224 261 2318 τοιαύτης
283 2225 406 2316 αἰτίας]
431 2219 471 2318 ήν
493 2222 689 2316 δ’Ίφικλος,
718 2222 819 2315 εῦρών
841 2229 858 2293 6
881 2223 1091 2313 Μελάμπους
1117 2225 1175 2317 τήν

51 2327 199 2418 μάχαιραν
222 2329 368 2398 ἐκέλευσε
393 2327 461 2420 [τὸν
475 2327 638 2419 Ἴφικλον]
669 2327 725 2399 τὸν
749 2328 798 2399 ίδν
821 2325 1031 2412 άποξέσαντα
1054 2328 1172 2399 πίνειν.

51 2434 98 2499 καὶ
125 2431 225 2515 οῦτως
253 2429 353 2501 αῦτδν
385 2433 525 2523 [πατέρα
555 2432 687 2501 παίδων
709 2432 856 2525 ποιήσας
877 2435 946 2524 καί]
978 2432 1087 2520 λαβὼν
1114 2432 1174 2516 τάς

52 2539 119 2620 βοῦς
139 2535 193 2605 διὰ
222 2534 348 2605 τούτων
375 2541 423 2627 τῷ
451 2533 584 2627 άδελφηῦ
606 2536 725 2604 Βίαντι
748 2535 805 2606 τδν
831 2541 891 2629 τής
913 2541 1044 2627 Πηροῦς
1069 2536 1175 2626 γάμον

51 2639 307 2732 περιεποιήσατο.
346 2681 386 2691 -
419 2638 629 2727 Μελάμπους
667 2642 703 2708 δὲ
741 2639 882 2732 ἐκλήθη,
922 2639 974 2710 ὅτι
1007 2643 1174 2730 γεννηθείς

4 2761 5 2764 ’
53 2743 170 2836 ἐξετέθη
193 2743 288 2833 παρὰ
302 2749 362 2836 τῆς
383 2743 505 2833 μητρὸς
515 2742 677 2834 Ῥοδόπης
692 2746 725 2813 έν
740 2741 857 2834 ῦψηλη]
867 2748 895 2834 ²)
917 2743 1025 2835 τόπῳ,
1049 2743 1175 2827 παντὸς

4 2889 5 2896 1
54 2847 83 2914 δέ
101 2851 156 2916 τοῦ
177 2847 332 2936 σώματος
347 2849 551 2934 σκεπομένου
565 2846 665 2935 μόνον
687 2840 726 2939 ήν
742 2845 861 2935 γυμνὸς
879 2845 957 2929 τοῦς
974 2846 1092 2932 πόδας,
1116 2849 1174 2916 καί

54 2949 199 3042 ἐξεκαύθη
221 2949 290 3021 ῦπδ
313 2956 372 3020 τοῦ
393 2951 497 3042 ήλίου·
521 2949 577 3020 διὰ
599 2955 696 3020 τοῦτο
720 2952 930 3037 Μελάμπους
952 2951 1086 3044 ἐκλήθη.

4 3149 5 3158 ,
127 3075 286 3140 Referunt
318 3075 455 3138 eandem
479 3074 649 3138 historiam
678 3073 802 3138 scholia
825 3074 866 3138 ad
889 3074 1055 3160 Apollonii
1076 3075 1133 3138 lib.
1157 3075 1174 3137 I

55 3197 79 3241 v.
96 3181 149 3244 118
172 3187 205 3244 et
228 3201 257 3243 v.
278 3182 348 3258 121,
372 3178 419 3242 ita
442 3185 562 3257 tamen,
587 3185 624 3242 ut
645 3178 678 3241 in
702 3178 794 3242 initio
818 3178 957 3242 addatur
980 3178 1020 3242 de
1035 3166 1173 3242 Melam-

56 3280 134 3361 podis
155 3282 354 3346 divinatione
377 3281 538 3356 narrati03
563 3287 769 3366 exponantur
792 3280 909 3344 deinde
933 3281 1065 3360 eadem,
1091 3301 1174 3364 quae
1242 3299 1246 3314 ¹

4 3375 5 3382 '
57 3383 177 3468 legimns
200 3387 234 3450 in
258 3386 333 3453 Soh.
357 3387 512 3467 Theona,
545 3385 604 3450 sed
626 3387 727 3450 multo
751 3385 898 3462 brevius,
929 3386 1016 3470 quod
1038 3385 1174 3449 historia

4 3479 6 3558 ξ
60 3489 212 3556 notissima
237 3491 279 3555 sit
303 3484 425 3578 (σαφής
448 3485 674 3577 aepiscopis,
699 3490 817 3575 quippo
841 3511 925 3574 quae
948 3490 981 3554 in
997 3489 1172 3554 tritissimis

4 3583 5 3632 l
59 3593 229 3658 enchiridiis
255 3592 324 3680 [cfr.
349 3615 376 3658 e.
403 3617 433 3678 g.
457 3593 644 3679 Apollodor.
667 3594 683 3656 Ι
705 3596 734 3672 9,
762 3591 813 3679 12]
838 3593 1020 3678 legaturl),
1052 3594 1085 3655 in
1108 3593 1172 3656 fine

4 3687 6 3710 '
59 3696 178 3761 eandem
201 3698 454 3783 explicationem
477 3699 615 3761 nominis
640 3690 891 3779 ,,Μελάμπους“
915 3698 1107 3760 habeamus:

130 3798 172 3885 (p.
190 3803 262 3882 310,
276 3798 311 3884 6)
342 3797 375 3866 ἐν
398 3798 434 3865 δὲ
455 3803 530 3878 ταῖς
555 3797 712 3885 μεγάλαις
730 3793 863 3877 Ἠοίαις
890 3796 1016 3883 λέγεται
1044 3791 1088 3876 ὡς
1110 3791 1174 3883 άρα

57 3935 244 3948 h.—

129 4025 147 4086 1)
165 4021 250 4091 Apud
268 4021 469 4089 Apollodorum
492 4021 550 4086 19,
570 4021 614 4085 12,
634 4023 650 4074 6
675 4020 813 4087 Phylaous
838 4021 905 4087 apto
930 4018 1033 4073 dicitnr
1056 4021 1175 4087 κριοδς

58 4103 189 4176 ἐκτέμνων;
209 4107 242 4162 ef.
258 4107 345 4161 etiam
358 4107 485 4160 Eustath.
497 4126 524 4176 p.
535 4109 610 4172 1685,
620 4107 665 4160 38:
682 4103 840 4174 ἐκτέμνοντί
851 4123 917 4157 ποτε
926 4107 965 4174 τῷ
974 4105 1086 4176 Φυλάκην
1100 4107 1114 4166 ζ
1121 4107 1173 4178 «βα.

127 4213 149 4281 ²)
167 4213 200 4267 In
219 4211 309 4266 Schol.
329 4211 419 4284 Apoll.
438 4210 454 4262 6
472 4210 554 4272 τόπος
571 4209 665 4283 aptius
683 4207 846 4282 σάνδενδρος
863 4209 985 4262 vocatur.
