3070 4910
738 275 954 356 ,30-

270 477 387 540 mimm
409 477 502 540 illum
526 479 744 562 cumaliquot
767 478 900 542 scholiis
922 478 956 540 in
972 477 1139 562 Apollonii
1160 479 1285 545 Rhodii
1303 483 1422 569 Argo-

272 580 404 643 nautica
426 581 621 666 conscriptis
647 601 855 646 consensum.

358 683 429 746 Iam
456 683 638 747 Abrensius
668 683 716 766 (Π
745 683 854 750 Praef.
876 705 908 768 p.
927 682 1053 767 LXIV)
1086 695 1326 752 commemorat
1358 691 1426 754 tria

270 785 378 872 Idyllii
403 786 488 851 XIII
519 786 644 851 scholia
675 808 749 851 eum
776 786 908 851 scholiis
939 786 982 850 ad
1008 787 1220 872 Apollonium
1247 790 1422 858 Rhodium

273 893 456 978 „insignem
484 895 516 958 in
545 893 677 957 modum
705 894 945 978 conspirantia“
975 892 1066 976 (Sch.
1089 893 1231 959 Theocr.
1255 895 1424 982 X11111)

273 997 329 1061 cfr.
356 996 430 1060 Sch.
457 997 567 1082 Apoll.
590 996 644 1059 III
659 999 715 1071 26;
740 996 815 1060 Seh.
834 995 974 1061 Theocr.
990 996 1078 1060 XIII
1095 1000 1112 1059 7
1137 998 1195 1063 cfr.
1213 998 1291 1065 Sch.
1308 1001 1424 1086 Apoll.

272 1099 399 1176 112073
423 1099 499 1180 Soli.
518 1098 656 1163 Theocr.
669 1098 755 1162 XIH
772 1098 849 1184 48²)
867 1099 923 1162 cfr.
941 1099 1017 1163 Sch.
1034 1099 1145 1185 Apoll.
1164 1100 1290 1181 11207,
1310 1105 1425 1190 1236),

272 1209 329 1283 „ut
352 1203 493 1288 suspicio
520 1203 613 1266 nasci
628 1202 731 1287 possit
751 1202 833 1266 haec
855 1203 897 1266 ab
913 1204 1136 1267 recentissimo
1153 1204 1263 1289 aliquo
1287 1206 1423 1272 homine

272 1327 315 1370 ex
354 1307 486 1371 scholiis
517 1305 743 1391 Apollonianis
779 1305 890 1369 addita
928 1326 1011 1369 esse.
1069 1305 1260 1388 Attamen“,
1302 1310 1423 1395 inquit,

274 1430 369 1489 „eum
401 1409 475 1474 Sch.
505 1408 647 1474 Theocr.
675 1409 709 1471 in
736 1409 820 1487 illis,
861 1409 1009 1494 quamvis
1040 1412 1219 1495 corruptis,
1255 1414 1423 1496 quaedam

272 1512 428 1593 habeant,
453 1532 536 1597 quae
559 1512 592 1574 in
616 1510 691 1575 Soh.
715 1510 824 1597 Apoll.
847 1511 1084 1575 interciderunt
1106 1510 1186 1598 (vid.
1204 1512 1292 1578 Adn.
1310 1515 1353 1579 ad
1369 1516 1420 1582 Id.

272 1616 359 1682 XIII
377 1619 428 1702 3),
457 1619 646 1682 necessario
676 1617 861 1704 ponendum
896 1624 947 1682 est
975 1624 1031 1682 aut
1061 1619 1274 1683 scholiastam
1307 1621 1421 1687 Theo-

275 1723 412 1786 criteum
428 1723 562 1791 scholiis
586 1722 628 1786 ad
643 1722 852 1807 Apollonium
875 1728 944 1785 tum
967 1722 1199 1805 integrioribus
1217 1745 1315 1787 usum
1333 1746 1421 1805 esse,

275 1825 309 1888 id
340 1826 427 1910 quod
450 1826 548 1890 valde
576 1825 701 1890 recenti
728 1831 836 1889 aetate
866 1823 988 1889 factum
1017 1847 1090 1889 esse
1121 1847 1236 1910 parum
1260 1828 1422 1893 credibile

276 1936 336 2009 est,
366 1935 422 1993 ant
444 1930 477 1993 in
506 1930 651 2013 utrisque
676 1929 808 1993 scholiis
838 1928 914 1993 olim
943 1928 1012 1993 fere
1041 1929 1156 1993 eadem
1185 1929 1273 1994 dicta
1301 1931 1421 1997 fuisse.

275 2033 363 2096 Illud
386 2034 419 2095 in
441 2031 529 2097 Adn.
544 2034 567 2097 l.
581 2033 602 2095 l.
624 2033 703 2095 mihi
727 2032 929 2117 probabilius
945 2033 1048 2095 visum
1073 2039 1134 2114 est,
1157 2034 1271 2097 neseio
1296 2056 1339 2098 an
1356 2057 1423 2099 non

276 2141 375 2201 recte.
411 2135 494 2199 Cum
513 2135 599 2200 enim
615 2133 707 2200 Theo
720 2136 746 2220 ³)
770 2137 803 2199 in
825 2141 999 2219 utrumque
1022 2142 1155 2221 poetam
1179 2144 1423 2202 commentatus

276 2241 326 2322 sit,
351 2241 420 2304 lieri
444 2247 586 2326 poterat,
616 2247 653 2304 ut
681 2240 944 2305 adnotationibus
975 2242 1041 2304 suis
1070 2242 1104 2304 in
1127 2241 1265 2306 alterum
1289 2251 1423 2328 poetam
1513 2307 1514 2332 ,

277 2344 373 2408 100110
397 2345 496 2409 etiam
522 2345 562 2408 ad
586 2344 724 2410 alterum
748 2343 977 2407 illustrandum
1000 2349 1181 2410 uteretur“.

362 2447 478 2533 Neque
512 2448 641 2533 fugerat
668 2447 867 2512 Abrensium
896 2447 1018 2511 scholio
1047 2448 1183 2513 Theocr.
1212 2448 1262 2513 Id.
1283 2450 1337 2514 III
1364 2456 1421 2515 13:

268 2548 397 2630 ’31110ος
428 2551 543 2616 eadem
573 2551 641 2616 fere
677 2551 802 2615 narrari
832 2572 871 2614 ao
901 2551 1024 2614 scholio
1055 2550 1164 2636 Apoll.
1192 2552 1422 2630 Rh.11477;

277 2656 456 2741 pmdenter
483 2662 593 2719 tamen
621 2653 714 2736 fecit,
748 2654 834 2738 quod
865 2654 927 2718 hoc
956 2654 1080 2718 scholio
1109 2677 1174 2718 non
1197 2679 1278 2720 usus
1304 2658 1422 2722 estad
1512 2699 1513 2704 κ

279 2761 486 2839 sententiam,
510 2759 551 2823 de
569 2781 632 2844 qua
649 2780 748 2844 supra
765 2756 843 2838 dixi,
861 2757 1130 2821 confirmandam:
1155 2780 1232 2823 nam
1248 2765 1281 2824 et
1297 2782 1423 2845 genere
1512 2765 1513 2788 .

279 2865 432 2952 narrandi
456 2872 488 2929 et
504 2864 677 2930 verborum
700 2884 762 2926 usu
784 2862 866 2927 haec
890 2863 954 2926 duo
979 2861 1102 2926 scholia
1122 2863 1252 2952 longius
1274 2864 1362 2929 inter
1386 2887 1422 2930 se

279 2969 412 3050 distant,
437 2989 534 3053 quam
557 2975 593 3031 ut
610 2967 819 3032 scholiastam
837 2966 1066 3031 Theocriteum
1089 2987 1184 3029 usum
1200 2988 1276 3031 esse
1294 2968 1421 3033 scholio

279 3073 498 3159 Apolloniano
522 3072 692 3158 probabile
716 3071 767 3134 sit.
1511 3157 1512 3162 ἵ

366 3177 461 3241 Illam
485 3176 641 3240 Abrensii
666 3175 862 3239 sententiam
885 3174 1005 3260 partim
1029 3172 1306 3258 comprobandam
1332 3176 1422 3239 arbi·
1511 3171 1512 3242 ζ

279 3287 348 3345 tror
371 3282 488 3367 partim
511 3278 719 3345 reiciendam.
758 3277 889 3342 Etenim
912 3275 954 3340 ad
977 3276 1144 3341 Thoonem
1167 3279 1421 3361 grammaticum

279 3385 365 3448 hunc
400 3404 594 3448 consensum
630 3383 839 3446 historiarum
869 3381 1138 3444 Theocritearum
1168 3387 1201 3444 01
1227 3380 1422 3467 Apollonia-

280 3510 394 3552 narum
426 3485 632 3552 referendum
660 3508 734 3550 esse
757 3485 831 3549 ideo
855 3483 1014 3548 dissimile
1036 3483 1106 3547 veri
1129 3489 1194 3564 est,
1218 3484 1320 3569 quod,
1345 3507 1420 3549 cnm

280 3591 449 3656 Thoonem
474 3589 551 3675 (vid.
577 3590 617 3653 ab
634 3589 798 3653 Ahrensio
823 3588 857 3652 II
871 3588 979 3651 Praef.
997 3610 1026 3673 p.
1040 3586 1173 3650 XXVII
1187 3610 1256 3672 sqq.
1282 3588 1422 3652 collecta
1510 3631 1511 3657 r

281 3696 405 3758 scholia
435 3715 490 3774 ea,
521 3715 605 3779 quae
630 3693 689 3756 sub
713 3692 856 3757 Theonis
880 3691 1008 3755 nomine
1038 3690 1322 3775 circumferuntur)
1353 3713 1420 3755 non

370 3887 389 3950 ¹)
406 3883 499 3936 Verbo
523 3882 588 3936 inde
610 3881 646 3935 ab
663 3876 874 3950 Ἀμφιβάλλουσι
892 3895 980 3946 usque
999 3878 1035 3932 ad
1057 3877 1103 3930 καὶ
1126 3876 1201 3931 ἄλλοι
1224 3874 1320 3944 ἄλλων,
1346 3896 1419 3946 quac

281 3970 365 4039 vulgo
389 3968 545 4039 Hypothesi
572 3969 739 4032 adhaerent,
770 3966 806 4021 ad
833 3967 939 4021 scholia
965 3968 1025 4020 v.1
1053 3965 1248 4020 transterenda
1275 3981 1335 4019 esse
1362 3965 1419 4018 iam
1509 4003 1510 4008 .

282 4055 476 4110 Boissonadius
494 4056 525 4109 in
544 4057 586 4110 ed.
605 4075 646 4126 pr.
665 4054 886 4134 intellexit(cfr.
906 4053 971 4107 Ahr.
985 4053 1012 4106 II
1031 4053 1103 4106 Adn.
1122 4051 1161 4106 Id.
1176 4052 1241 4106 XIII
1259 4070 1286 4119 p.
1300 4053 1372 4120 540).

368 4145 390 4208 ¹²)
408 4144 433 4196 A
452 4142 544 4196 verbis
564 4140 711 4212 συμφωνεῖ
726 4156 813 4209 usque
832 4140 868 4193 ad
887 4133 1048 4190 doctoratu.

369 4231 390 4296 Ι)
409 4227 462 4283 Ch.
481 4227 548 4282 Ahr.
561 4228 588 4282 ΙΙ
606 4227 695 4281 Praef.
714 4245 741 4296 p.
753 4225 873 4280 XXVIII
884 4243 943 4293 sqq.
