3070 4910
553 269 759 330 ..57-

156 459 281 524 Verba
311 461 411 544 igitur
433 456 576 523 Hesiodi
608 455 676 540 (vel
707 456 814 542 potius
838 455 1031 522 Callimachi
1058 453 1119 539 frg.
1146 453 1219 542 109)

70 582 160 626 nune
188 564 312 628 desunt
334 564 368 626 in
391 561 444 625 Et.
460 560 504 626 M.

166 753 244 817 Seh.
258 750 549 817 Theoer.1d.145:
571 764 690 818 νοερόν·
708 744 828 834 κυρίως
838 743 876 814 τὸ
889 743 1079 814 ε’πιείεθιον
1090 747 1220 836 βρέφος·

71 851 175 941 παρὰ
203 850 261 922 τὸν
286 851 420 935 τιτθόν,
450 843 643 940 ὀσημαίνει
673 847 730 918 τόν
755 848 874 936 μαζόν·
905 847 985 918 ὅθεν
1010 851 1067 918 καί
1095 848 1221 941 τιτθὴν

73 956 230 1043 λέγουσιν
253 952 364 1044 ὀλίγην
385 952 408 1046 ἢ
428 951 548 1042 μικρὰν
571 955 643 1042 (καί
665 951 815 1044 τυτθόν).

170 1064 221 1128 Et.
238 1063 282 1128 M.
309 1066 424 1148 pm,
444 1065 495 1124 12:
521 1075 625 1129 τινοιν
644 1052 763 1144 ὀλίγον.
792 1075 884 1134 mods
903 1057 1030 1144 λίγειαι
1049 1059 1067 1124 ὁ
1084 1056 1220 1143 μασεός·

77 1165 141 1230 καὶ
171 1179 315 1236 ι’ποιίιεω
341 1161 383 1231 τὰ
410 1159 582 1247 ὑπομάζια
606 1159 744 1242 παιδία,
771 1157 814 1227 τὰ
839 1159 952 1250 βρέφη.
992 1157 1071 1228 ὅθεν
1098 1160 1221 1249 γίνεται

81 1288 186 1340 mady
207 1265 247 1337 τό
275 1263 326 1336 ἐπ’
354 1262 478 1354 ὀλίγον·
512 1265 569 1332 καί
592 1283 696 1352 πεινῆν
722 1264 870 1352 λέγουσιν
897 1259 1007 1354 ὀλίγην
1038 1261 1060 1354 ἢ
1090 1263 1220 1354 μικρόν.

175 1457 597 1524 seh.The00r.1d.147:
629 1475 733 1546 κιρρός.-
760 1449 830 1521 ὀπὸ
859 1456 919 1522 τοῦ
944 1450 1023 1543 κόρη
1053 1458 1072 1544 ἡ
1099 1458 1158 1522 τοῦ
1185 1451 1222 1523 ὀ-

85 1563 254 1646 φθαλμοῦ,
279 1557 380 1626 οἱονεί
395 1555 473 1647 χόρη
487 1585 538 1639 τις
556 1549 654 1625 οὖσα·
679 1551 823 1625 ἀπὸτοῦ
841 1551 882 1625 δι’
902 1551 1002 1646 αὐτῆς
1023 1563 1160 1642 χεῖσθαι
1182 1555 1221 1626 τὸ

89 1661 271 1752 ὁιορατικὸν
286 1664 425 1748 πνεῦμα.
462 1659 554 1750 Κόρη
574 1661 610 1728 δὲ
630 1665 649 1751 ἠ
666 1661 835 1747 παρθένος
855 1656 1055 1752 ἡόγροφοὴς
1072 1662 1128 1730 καί
1145 1689 1221 1750 τρο-

89 1765 185 1854 φερό·
215 1762 284 1834 ὀπό
314 1767 374 1832 τοῦ
395 1769 514 1853 κορεῖν,
544 1761 582 1833 τὸ
613 1761 845 1846 καλλωπίζειν,
875 1757 895 1832 ὀ
923 1765 979 1831 καί
1011 1765 1069 1831 ἐπὶ
1096 1767 1155 1832 τοῦ
1185 1760 1222 1832 ὀ-

92 1874 246 1957 φθαλμοῦ
268 1867 404 1960 ε’ίρηεαι.
427 1865 652 1960 ἢὴκαθαρίιν
671 1869 728 1935 καί
753 1863 905 1958 ὀίφθορον
927 1867 1047 1953 ἔχουσα
1068 1866 1128 1959 τὴν
1149 1870 1221 1957 ἡλι-

92 1973 181 2040 κίαν·
203 1979 308 2060 κυρεῖν
328 1969 388 2061 γὰρ
410 1969 449 2039 τὸ
464 1970 648 2060 καθαίρειν,
673 1967 728 2061 ἀφ’
755 1962 794 2038 οὗ
815 1973 872 2040 καί
895 1970 1061 2061 νεωκόρος.
1091 1969 1222 2061 ἢπαρὰ

10 2140 11 2152 ,
93 2078 131 2146 τὸ
146 2077 245 2164 κείρω,
268 2082 288 2168 ἡ
306 2077 474 2166 κειραμένη
495 2075 544 2144 ἔτι
566 2077 623 2144 καί
639 2074 860 2166 νηπιόζοοσα·
884 2073 932 2167 ἀφ
948 2067 986 2167 ἧς
1000 2077 1057 2145 καί
1073 2074 1112 2145 τὸ
1127 2074 1223 2165 κόρος

94 2182 151 2248 καί
170 2186 288 2268 κοῦρος,
312 2183 330 2248 ὁ
352 2178 483 2261 ἁπαλὸς
504 2180 561 2247 καί
584 2177 742 2269 τρυφερὸς
764 2185 857 2261 παῖς.

176 2287 226 2350 Et.
241 2287 285 2353 M.
312 2309 346 2372 p.
367 2289 439 2367 529,
458 2289 511 2349 32:
540 2301 611 2375 Κόρη
635 2279 654 2372 ἡ
679 2283 848 2371 παρθένος
876 2284 932 2350 καὶ
972 2279 1137 2373 ίγροφοὴς
1165 2284 1222 2350 καί

13 2438 14 2446 ι
95 2387 244 2477 τρυφερά·
275 2383 346 2456 ὀιπό
375 2390 435 2455 εοό
457 2393 580 2476 κορεῖν,
612 2384 650 2455 τὸ
682 2386 916 2470 καλλωπίζειν,
951 2380 1048 2456 ὀκαί
1081 2389 1138 2455 ἐπί
1165 2391 1225 2455 τοῦ

98 2487 267 2579 ὀφθαλμοῦ
299 2489 434 2580 εἴρηται.
469 2488 493 2582 ἢ
520 2495 540 2581 ἡ
563 2488 717 2580 καθαρὰν
749 2493 806 2559 καί
835 2488 988 2582 ὀίφθορον
1016 2491 1134 2576 ἔχουσα
1165 2491 1225 2583 τὴν

12 2662 13 2668 ,
97 2593 228 2682 ἠλικίαν·
251 2599 359 2684 κερεῖν
378 2593 439 2683 γὰρ
458 2592 496 2662 τὸ
512 2592 696 2683 καθαίρειν,
720 2592 814 2663 ἔνθεν
830 2597 887 2663 καί
903 2594 1069 2682 νεωκόρος.
1093 2592 1115 2685 ἢ
1131 2593 1224 2685 παρὰ

11 2767 13 2777 ,
98 2695 133 2764 τὸ
158 2696 249 2786 κόρον
278 2699 430 2784 ἐμποιεῖν
456 2701 496 2786 τῇ
527 2695 610 2787 ἰδίᾳ.
647 2695 670 2788 ἢ
697 2698 790 2786 παρὰ
812 2697 850 2767 τὸ
873 2699 984 2789 κείρω,
1015 2705 1033 2788 ἡ
1057 2700 1224 2787 κειρομίνη

13 2798 14 2802 ’
99 2800 143 2868 ἔτι
167 2800 331 2886 νεόζοοσα.
375 2800 467 2891 Κόρη
494 2802 531 2869 δὲ
558 2802 617 2869 ἐπί
644 2807 703 2870 τοῦ
726 2798 919 2893 ὀφθαλμοῦ,
952 2803 1052 2871 οἱονεὶ
1075 2800 1152 2892 χόρη
1174 2831 1225 2884 τις

100 2898 185 2974 οόσα·
207 2903 278 2976 ὀπό
300 2910 359 2975 τοῦ
381 2902 422 2974 δι’
448 2901 550 2996 αὐτῆς
570 2913 706 2990 χεῖσθαι
729 2905 767 2975 τὸ
791 2905 941 2996 ὁρατικὸν
964 2911 1103 2994 πνεῦμα.

175 3015 226 3079 Et.
239 3014 284 3078 M.
308 3036 339 3099 p.
356 3015 429 3094 534,
443 3016 477 3076 6;
503 3028 604 3100 κούρηι
681 3007 809 3101 ἢπαρὰ
827 3008 865 3080 τό
886 3011 993 3101 κείρω,
1017 3010 1055 3079 τὸ
1071 3008 1222 3100 κουρεόω,

100 3112 168 3205 κόρη
187 3117 244 3184 καί
265 3112 363 3203 κοόρη
386 3117 585 3204 πλεονασμῷ
599 3142 657 3182 τοο
681 3143 708 3198 ο,
733 3120 751 3206 ἡ
774 3118 942 3206 κειρομένη
963 3115 1012 3184 ἔτι
1028 3116 1084 3183 καί
1102 3112 1224 3205 νηπιό-

100 3218 199 3299 ζοοσα.
222 3259 264 3269 -
289 3221 355 3285 cfr.
380 3222 478 3286 etiam
499 3220 551 3285 Et.
570 3220 655 3288 Gud.
672 3225 744 3304 338,
759 3226 789 3289 3.

16 3469 17 3480 η
175 3393 250 3456 sch.
267 3392 405 3456 Theoor.
422 3392 472 3457 Id.
489 3393 506 3456 I
523 3396 580 3458 48:
596 3408 728 3480 ’Ἡμενοςι
746 3389 980 3477 καθεζόμενος·
1004 3388 1074 3462 ὀπό
1095 3395 1155 3459 τοῦ
1170 3392 1222 3473 ἕω,

16 3495 23 3585 ’,1
98 3489 339 3580 εόκαθέζομαι,
356 3493 446 3583 ἕημι·
463 3485 482 3562 ὀ
497 3492 688 3583 παθητικὸν
702 3495 796 3580 ἓέμαι
812 3485 906 3585 ἧμαι,
923 3500 942 3586 ἡ
957 3493 1077 3586 μετοχὴ
1096 3494 1224 3581 ἒέμενος

18 3606 22 3670 i
98 3593 212 3686 ἥμενος.

172 3704 227 3772 Et.
242 3704 286 3769 M.
309 3726 341 3789 p.
358 3707 481 3780 429‚5:
505 3717 622 3789 Ἤμωος
645 3700 880 3789 καθεζόμενος·
918 3698 988 3769 ἀπὸ
1016 3704 1076 3768 τοῦ
1098 3698 1154 3782 ἐῶ,
1184 3697 1223 3768 τὸ

97 3801 248 3894 κάθημαι,
276 3803 400 3892 γίνεται
427 3804 517 3892 ἓήμι·
544 3803 582 3873 τὸ
605 3805 796 3896 παθητικὸν
818 3807 911 3891 ἓέμαι
934 3795 1033 3895 ἧμαι,
1062 3802 1221 3895 ἡμετοχὴ

98 3903 212 3996 ἥμενος.

174 4084 250 4148 sch.
278 4083 417 4148 Theocr.
445 4084 494 4148 Id.
518 4086 607 4150 148:
631 4096 742 4170 ὀρχως.·
770 4075 864 4169 ὀρχος
891 4075 1029 4168 ὀρχάτου
1064 4080 1223 4170 διαφέρει.

99 4178 180 4271 ὀρχος
209 4183 270 4274 γάρ
301 4185 389 4254 ἐστιν
411 4187 429 4252 ὁ
450 4183 584 4274 βόθρος,
609 4183 657 4266 είς
686 4177 723 4254 ὀν
749 4183 916 4254 ἐπίθετοι
944 4181 981 4254 τὸ
1012 4182 1114 4275 φυεόν
1141 4183 1225 4274 πρὸς
