3070 4910
576 285 791 346 „17-

106 494 252 559 usquam
275 469 360 560 φησί
382 473 526 559 pertinet
548 473 589 539 ad
613 467 823 538 Theocritum
846 473 968 557 ipsum,
997 472 1060 536 nisi
1083 473 1116 536 in
1140 494 1252 537 eorum

109 579 294 643 carminum
317 577 587 663 paraphrasibus,
611 597 695 662 quae
718 598 806 641 more
831 577 923 662 epico
946 597 1160 662 personarum
1183 576 1251 639 dia-

107 682 195 766 logis
218 682 329 745 lcenm
351 682 518 747 rarissime
543 682 631 746 dant.

202 782 269 849 sed
298 804 340 847 nc
369 785 512 871 receptis
542 784 672 869 quidem
700 784 764 847 illis
793 782 918 870 primae
948 805 1110 868 personae
1139 783 1253 848 formis

108 892 240 964 remota
264 893 314 951 est
336 885 479 966 offensio,
504 907 600 971 quam
616 887 754 972 praebet
775 886 854 949 illud
878 881 961 973 φησί
983 893 1253 971 praetermorem

109 991 228 1077 paucis
252 995 380 1055 tantum
398 991 544 1056 eiusdem
559 991 719 1054 enuntiati
735 989 842 1054 verbis
866 989 1046 1054 interiectis
1066 990 1252 1075 repetitum.

110 1092 186 1157 Nee
223 1114 300 1159 vero
336 1093 523 1179 corruptela
556 1095 589 1156 in
621 1093 730 1158 verbis
768 1092 896 1156 traditis
932 1093 1029 1167 latet;
1063 1093 1161 1157 immo
1191 1093 1252 1156 hoe

110 1217 197 1261 novo
231 1204 422 1281 argumento
453 1197 585 1283 probari
614 1196 754 1278 videtur,
787 1203 908 1282 quanto
939 1196 1077 1282 amplior
1110 1197 1253 1281 genuina

110 1299 323 1386 paraphrasis
347 1302 453 1364 luerit.
488 1301 665 1365 Probabile
690 1301 777 1364 enim
801 1301 907 1366 estin
930 1299 992 1378 eis,
1017 1300 1134 1384 quibus
1157 1291 1251 1364 scho-

108 1404 212 1466 liasta
227 1425 303 1467 usus
328 1405 380 1483 sit,
404 1404 598 1468 scholiorum
616 1404 805 1490 corporibus
827 1403 930 1488 plura,
954 1423 1037 1487 quae
1059 1403 1154 1467 hodie
1176 1424 1252 1487 per-

109 1507 230 1588 ierint,
264 1508 505 1593 paraphraseos
539 1507 641 1572 verba
674 1509 759 1574 inter
792 1507 883 1593 prius
917 1502 999 1593 φησί
1031 1513 1064 1572 et
1091 1507 1252 1592 posterius

109 1605 198 1697 φησί
221 1611 399 1676 exstitisse.
1158 1619 1159 1624 ’

199 1713 280 1779 Alia
301 1715 457 1800 plenioris
480 1715 724 1801 paraphraseos
740 1714 882 1799 vestigia
903 1714 1008 1777 latent
1031 1713 1065 1776 in
1087 1713 1169 1778 locis
1193 1715 1251 1794 eis,

113 1818 170 1904 qni
201 1838 398 1902 quamquam
426 1818 593 1902 ceteroqui
621 1818 676 1883 vix
707 1817 810 1880 ullum
842 1817 1049 1882 retinuerunt
1081 1837 1252 1897 conexum,

110 1942 176 2007 quo
189 1922 268 1985 olim
283 1942 355 1985 cum
372 1928 489 2008 poetae
503 1927 599 1987 textu
616 1921 848 2002 cohaerebant,
864 1926 975 1985 tamen
992 1921 1137 2006 singulas
1152 1941 1250 2005 quas-

110 2025 188 2088 dam
206 2045 245 2087 ac
260 2030 378 2109 poetae
393 2025 542 2110 proprias
558 2046 655 2088 voces
672 2031 854 2106 servarunt,
871 2025 971 2088 veluti
989 2024 1253 2103 exclamationes,

110 2149 196 2214 qnae
221 2147 322 2191 voces
346 2128 456 2192 statim
476 2129 654 2212 legentium
677 2129 803 2191 animos
827 2128 860 2191 in
884 2149 919 2192 se
949 2133 1141 2192 convertunt
1169 2132 1252 2190 tam-

110 2252 210 2316 quam
234 2251 254 2294 a
277 2235 346 2294 toto
369 2230 486 2316 reliqui
510 2231 625 2295 scholii
649 2231 759 2295 colore
782 2231 1008 2296 abhorrentes.

197 2332 420 2418 Aequiescam
443 2335 476 2397 in
498 2333 727 2398 enumerandis
752 2333 877 2398 duobus
902 2334 1081 2419 exemplis,
1116 2354 1253 2417 quorum

110 2439 203 2523 prius
228 2438 371 2521 legimus
394 2439 428 2500 in
451 2438 577 2502 scholio
600 2437 642 2501 ad
664 2436 712 2502 ld.
736 2436 771 2500 11
797 2441 857 2502 118
883 2437 933 2522 (Ζ.
955 2460 986 2523 p.
1002 2436 1072 2522 25):

190 2547 308 2610 ³Hteov:
334 2531 440 2629 tibica
462 2536 523 2626 γὰρ
546 2534 585 2605 dv
608 2562 661 2607 σοι
686 2538 743 2606 καὶ
765 2536 811 2628 μὴ
841 2538 1127 2628 μεταπεμψαμένῃ
1155 2533 1255 2606 αὐτό-

106 2669 226 2730 ματος,
255 2641 321 2709 ναὶ
344 2639 411 2710 τὸν
433 2638 758 2730 γλυκὺνἝρωτα,
787 2640 844 2711 διὰ
866 2641 987 2732 ταύτης
1007 2646 1067 2733 τῆς
1089 2639 1252 2730 νυκτόςῑ);

199 2759 343 2822 alterum
365 2758 398 2821 in
423 2758 546 2822 scholio
570 2758 611 2822 ad
635 2758 683 2824 Id.
707 2757 756 2821 IV
781 2758 894 2839 2942.
918 2779 949 2842 p.
967 2756 1023 2842 35)
1033 2757 1075 2841 ²):

202 2884 290 2954 Tp'va:
310 2865 369 2934 oda
390 2863 532 2955 ἐφθάρη,
557 2864 666 2956 φησίν,
690 2861 710 2956 ἡ
734 2862 847 2954 σύριγξ
870 2861 947 2933 οὐδὲ
967 2862 1176 2952 μεμόλυνται,
1198 2863 1254 2952 μὰ

106 3057 164 3110 11πό
183 3059 293 3128 τροφοῦ
312 3059 350 3116 εἰς
366 3057 438 3109 θέαν
455 3056 613 3125 ἕλθεῐνκτῆς
630 3058 751 3127 πομπῆς,
776 3055 822 3109 καὶ
846 3055 916 3110 οὕτω
941 3059 1108 3127 συμβέβηκεν
1127 3056 1196 3109 ἰδεῖν
1212 3076 1253 3126 με

106 3144 160 3197 τόν
176 3145 290 3214 Λέλφιν.
328 3142 403 3196 Scite
424 3142 499 3196 enim
517 3160 567 3212 pro
585 3141 747 3214 προετράφη
765 3143 886 3196 Adortus
905 3143 1053 3196 substituit
1070 3143 1253 3214 προετράπην,

108 3247 184 3298 quae
203 3230 295 3283 forma
312 3228 460 3298 flagitatur
477 3228 650 3298 pronominis
668 3229 813 3299 101111ομ0.
841 3229 921 3294 Quod
940 3229 1075 3284 scholium
1087 3230 1123 3282 ad
1137 3230 1254 3284 eandem

107 3316 273 3370 Simacthae
299 3315 489 3370 narrationem
512 3315 644 3384 pertinet.
675 3315 775 3370 Verbis
799 3318 836 3374 εἰς
860 3317 931 3368 θέαν
954 3315 1046 3370 ἐλθεῖν
1066 3318 1114 3385 τῆς
1135 3319 1253 3385 πομπῆς,

107 3403 214 3471 quibus
233 3402 337 3456 similia
360 3402 480 3472 legimus
503 3403 533 3456 in
551 3402 643 3471 priore
668 3418 780 3470 quoque
803 3401 920 3467 scholio,
945 3402 1086 3456 indicatur
1103 3405 1254 3471 utrumque

108 3490 210 3544 eodem
232 3506 266 3544 ex
288 3489 367 3542 fonte
388 3505 527 3554 manasse,
550 3487 569 3541 i.
591 3505 614 3542 0.
637 3487 759 3542 eiusdem
784 3487 901 3558 genuini
926 3488 1025 3543 scholii
1049 3501 1107 3544 esse
1130 3489 1252 3544 diversas

108 3576 218 3646 species
236 3574 282 3628 vel
299 3577 403 3644 partes.

202 3679 223 3748 ¹)
245 3677 300 3732 cfr.
319 3678 432 3732 Theocr.
451 3677 492 3732 Id.
505 3677 532 3731 II
552 3678 602 3731 118
621 3680 649 3732 et
668 3678 730 3732 119:

267 3751 357 3832 ἧνθον
374 3762 429 3836 γάρ
447 3782 495 3817 κεν
512 3763 575 3832 ἐγώ,
595 3763 651 3816 ναὶ
668 3763 726 3816 τόν
743 3765 866 3832 γλυκύν
883 3751 973 3834 ἢνθον
982 3762 1113 3835 Ἔρωτα,
1173 3753 1176 3758 ’

267 3849 286 3920 ἤ
304 3850 393 3922 τρίτος
409 3847 441 3920 ἠὲ
459 3853 586 3923 τέταρτος
604 3850 656 3904 ἐών
675 3851 755 3922 φίλος
773 3849 870 3905 αὐτίκα
888 3851 991 3917 νυκτός,
1010 3870 1067 3904 m.
1078 3853 1100 3904 λ.

200 3957 222 4022 ²)
242 3954 295 4009 cfr.
313 3955 459 4024 praeterea
478 3954 584 4008 scholia
602 3954 638 4008 ad
656 3955 695 4009 ld.
707 3955 747 4009 Vl
760 3956 801 4020 17,
820 3955 853 4008 18
872 3943 916 4023 (Ἠ
929 3954 984 4022 γάρ
1002 3951 1101 4025 ἔρωτι),
1121 3955 1161 4024 19,
1181 3973 1253 4024 quae

108 4044 153 4096 ter
171 4039 381 4108 allocutionem,
401 4057 457 4108 qna
475 4042 559 4110 poeta
577 4040 637 4109 ipse
649 4041 749 4108 utitur,
768 4041 912 4111 praebent,
932 4058 995 4094 011111
1007 4039 1077 4094 alias
1091 4043 1253 4096 summatim

109 4130 213 4196 poetae
230 4125 316 4180 verba
334 4125 462 4180 reddant.
491 4126 620 4180 Alterum
638 4129 797 4197 exemplum
815 4125 977 4180 continetur
995 4125 1107 4180 scholiis
1125 4128 1161 4181 ad
1173 4129 1251 4184 Idll

109 4214 144 4269 56
162 4214 243 4269 0157
262 4213 302 4281 (Ζ.
320 4231 347 4282 p.
363 4211 415 4281 71),
434 4212 482 4266 ubi
501 4215 544 4266 ter
562 4213 694 4282 legimus:
714 4201 738 4266 oi
754 4213 871 4282 βουκαῖε.

1080 4301 1108 4353 2.
