<?xml version="1.0" encoding="UTF-8"?>
<!DOCTYPE html PUBLIC "-//W3C//DTD XHTML 1.0 Transitional//EN"
    "http://www.w3.org/TR/xhtml1/DTD/xhtml1-transitional.dtd">
<html xmlns="http://www.w3.org/1999/xhtml" xml:lang="en" lang="en">
 <head>
  <title>
</title>
<meta http-equiv="Content-Type" content="text/html;charset=utf-8" />
  <meta name='ocr-system' content='tesseract 3.04.00' />
  <meta name='ocr-capabilities' content='ocr_page ocr_carea ocr_par ocr_line ocrx_word'/>
</head>
<body>
  <div class='ocr_page' id='page_1' title='image "./descholiistheoc00buckgoog_0026.png"; bbox 0 0 3070 4910; ppageno 0'>
   <div class='ocr_carea' id='block_1_1' title="bbox 585 267 797 329">
    <p class='ocr_par' dir='ltr' id='par_1_1' title="bbox 585 267 797 329">
     <span class='ocr_line' id='line_1_1' title="bbox 585 267 797 329; baseline 0 -15"><span class='ocrx_word' id='word_1_1' title='bbox 585 267 797 329; x_wconf 73' lang='lat'>„21-</span> 
     </span>
    </p>
   </div>
   <div class='ocr_carea' id='block_1_2' title="bbox 4 452 1260 2508">
    <p class='ocr_par' dir='ltr' id='par_1_2' title="bbox 108 452 1260 1164">
     <span class='ocr_line' id='line_1_2' title="bbox 109 452 1259 542; baseline 0.001 -22"><span class='ocrx_word' id='word_1_2' title='bbox 109 457 196 542; x_wconf 92' lang='lat' dir='ltr'>quin</span> <span class='ocrx_word' id='word_1_3' title='bbox 227 456 312 519; x_wconf 88' lang='lat' dir='ltr'>haec</span> <span class='ocrx_word' id='word_1_4' title='bbox 343 454 443 518; x_wconf 85' lang='lat' dir='ltr'>fuerit</span> <span class='ocrx_word' id='word_1_5' title='bbox 472 455 560 539; x_wconf 89' lang='lat' dir='ltr'>prior</span> <span class='ocrx_word' id='word_1_6' title='bbox 588 455 684 518; x_wconf 91' lang='lat' dir='ltr'>huius</span> <span class='ocrx_word' id='word_1_7' title='bbox 715 454 830 519; x_wconf 87' lang='lat' dir='ltr'>scholii</span> <span class='ocrx_word' id='word_1_8' title='bbox 857 452 973 519; x_wconf 85' lang='lat' dir='ltr'>forma.</span> <span class='ocrx_word' id='word_1_9' title='bbox 1021 454 1118 521; x_wconf 86' lang='lat' dir='ltr'>Unde</span> <span class='ocrx_word' id='word_1_10' title='bbox 1150 463 1259 521; x_wconf 86' lang='lat' dir='ltr'>autem</span> 
     </span>
     <span class='ocr_line' id='line_1_3' title="bbox 113 557 1258 645; baseline -0.001 -20"><span class='ocrx_word' id='word_1_11' title='bbox 113 562 231 625; x_wconf 90' lang='lat' dir='ltr'>aliena</span> <span class='ocrx_word' id='word_1_12' title='bbox 247 560 329 623; x_wconf 89' lang='lat' dir='ltr'>haec</span> <span class='ocrx_word' id='word_1_13' title='bbox 345 557 569 623; x_wconf 87' lang='lat' dir='ltr'>additamenta</span> <span class='ocrx_word' id='word_1_14' title='bbox 585 559 820 640; x_wconf 82' lang='lat' dir='ltr'>emanaverint,</span> <span class='ocrx_word' id='word_1_15' title='bbox 845 565 982 645; x_wconf 88' lang='lat' dir='ltr'>apparet</span> <span class='ocrx_word' id='word_1_16' title='bbox 1001 580 1043 623; x_wconf 87' lang='lat' dir='ltr'>cx</span> <span class='ocrx_word' id='word_1_17' title='bbox 1062 560 1114 623; x_wconf 90' lang='lat' dir='ltr'>his</span> <span class='ocrx_word' id='word_1_18' title='bbox 1130 559 1258 624; x_wconf 90' lang='lat' dir='ltr'>duobus</span> 
     </span>
     <span class='ocr_line' id='line_1_4' title="bbox 112 661 1258 748; baseline -0.001 -20"><span class='ocrx_word' id='word_1_19' title='bbox 112 663 268 742; x_wconf 80' lang='lat' dir='ltr'>scholiis,</span> <span class='ocrx_word' id='word_1_20' title='bbox 299 682 383 746; x_wconf 88' lang='lat' dir='ltr'>quae</span> <span class='ocrx_word' id='word_1_21' title='bbox 411 661 453 725; x_wconf 87' lang='lat' dir='ltr'>ad</span> <span class='ocrx_word' id='word_1_22' title='bbox 486 662 572 726; x_wconf 90' lang='lat' dir='ltr'>hunc</span> <span class='ocrx_word' id='word_1_23' title='bbox 601 684 733 726; x_wconf 87' lang='lat' dir='ltr'>versum</span> <span class='ocrx_word' id='word_1_24' title='bbox 761 663 916 747; x_wconf 84' lang='lat' dir='ltr'>leguntur</span> <span class='ocrx_word' id='word_1_25' title='bbox 947 662 1035 748; x_wconf 90' lang='lat' dir='ltr'>apud</span> <span class='ocrx_word' id='word_1_26' title='bbox 1058 663 1258 728; x_wconf 87' lang='lat' dir='ltr'>Ahrensinm</span> 
     </span>
     <span class='ocr_line' id='line_1_5' title="bbox 114 757 1260 854; baseline 0 -22"><span class='ocrx_word' id='word_1_27' title='bbox 114 768 167 854; x_wconf 92' lang='lat' dir='ltr'>(II</span> <span class='ocrx_word' id='word_1_28' title='bbox 201 791 232 854; x_wconf 93' lang='lat' dir='ltr'>p.</span> <span class='ocrx_word' id='word_1_29' title='bbox 260 769 333 846; x_wconf 83' lang='lat'>317,</span> <span class='ocrx_word' id='word_1_30' title='bbox 361 763 525 850; x_wconf 85' lang='grc'>15-21);</span> <span class='ocrx_word' id='word_1_31' title='bbox 566 757 709 851; x_wconf 76' lang='grc' dir='ltr'><em>’Ἀδηλον</em></span> <span class='ocrx_word' id='word_1_32' title='bbox 742 761 791 845; x_wconf 81' lang='grc' dir='ltr'>δέ,</span> <span class='ocrx_word' id='word_1_33' title='bbox 831 758 971 849; x_wconf 91' lang='grc' dir='ltr'><em>πότερον</em></span> <span class='ocrx_word' id='word_1_34' title='bbox 1003 764 1205 852; x_wconf 77' lang='grc' dir='ltr'><strong><em>θυγατέρα</em></strong></span> <span class='ocrx_word' id='word_1_35' title='bbox 1238 761 1260 854; x_wconf 78' lang='grc' dir='ltr'>ἢ</span> 
     </span>
     <span class='ocr_line' id='line_1_6' title="bbox 112 862 1255 957; baseline -0.003 -20"><span class='ocrx_word' id='word_1_36' title='bbox 112 865 376 957; x_wconf 69' lang='grc' dir='ltr'><strong><em>θεράπαιναν</em></strong></span> <span class='ocrx_word' id='word_1_37' title='bbox 410 867 470 933; x_wconf 78' lang='grc' dir='ltr'>τοῦ</span> <span class='ocrx_word' id='word_1_38' title='bbox 500 862 702 951; x_wconf 79' lang='grc' dir='ltr'><em>Πολυβώτον</em></span> <span class='ocrx_word' id='word_1_39' title='bbox 731 864 815 954; x_wconf 79' lang='grc' dir='ltr'><em>λέγει</em></span> <span class='ocrx_word' id='word_1_40' title='bbox 843 876 889 934; x_wconf 92' lang='lat' dir='ltr'>et:</span> <span class='ocrx_word' id='word_1_41' title='bbox 927 867 984 933; x_wconf 85' lang='grc' dir='ltr'>καὶ</span> <span class='ocrx_word' id='word_1_42' title='bbox 1018 864 1056 935; x_wconf 87' lang='grc' dir='ltr'>τὸ</span> <span class='ocrx_word' id='word_1_43' title='bbox 1089 866 1149 952; x_wconf 81' lang='grc' dir='ltr'>μὲν</span> <span class='ocrx_word' id='word_1_44' title='bbox 1177 863 1255 955; x_wconf 75' lang='grc' dir='ltr'>παρ&gt;</span> 
     </span>
     <span class='ocr_line' id='line_1_7' title="bbox 108 965 1258 1058; baseline -0.003 -18"><span class='ocrx_word' id='word_1_45' title='bbox 108 967 336 1040; x_wconf 79' lang='grc' dir='ltr'><em>Ἱπποκόωντι</em></span> <span class='ocrx_word' id='word_1_46' title='bbox 358 965 492 1058; x_wconf 79' lang='grc' dir='ltr'><em>γράφων</em></span> <span class='ocrx_word' id='word_1_47' title='bbox 506 967 591 1056; x_wconf 81' lang='grc' dir='ltr'><em>λέγει</em></span> <span class='ocrx_word' id='word_1_48' title='bbox 614 971 662 1058; x_wconf 76' lang='grc' dir='ltr'>τῷ</span> <span class='ocrx_word' id='word_1_49' title='bbox 676 973 830 1058; x_wconf 74' lang='grc' dir='ltr'><em>ποταμῷ,</em></span> <span class='ocrx_word' id='word_1_50' title='bbox 853 966 946 1037; x_wconf 80' lang='grc' dir='ltr'><em>τὸδὲ</em></span> <span class='ocrx_word' id='word_1_51' title='bbox 969 965 1046 1058; x_wconf 73' lang='grc' dir='ltr'>παρ&gt;</span> <span class='ocrx_word' id='word_1_52' title='bbox 1060 966 1258 1038; x_wconf 82' lang='grc' dir='ltr'><em>Ἱπποκίιιινι</em></span> 
     </span>
     <span class='ocr_line' id='line_1_8' title="bbox 114 1070 604 1164; baseline -0.008 -20"><span class='ocrx_word' id='word_1_53' title='bbox 114 1077 201 1164; x_wconf 71' lang='grc' dir='ltr'><em>λέγει</em></span> <span class='ocrx_word' id='word_1_54' title='bbox 225 1070 331 1143; x_wconf 72' lang='grc' dir='ltr'><em>οὕτω</em></span> <span class='ocrx_word' id='word_1_55' title='bbox 354 1072 604 1161; x_wconf 80' lang='grc' dir='ltr'><em>καλουμένῳ.</em></span> 
     </span>
    </p>

    <p class='ocr_par' dir='ltr' id='par_1_3' title="bbox 113 1178 1257 1456">
     <span class='ocr_line' id='line_1_9' title="bbox 206 1178 1257 1265; baseline -0.003 -20"><span class='ocrx_word' id='word_1_56' title='bbox 206 1180 396 1265; x_wconf 84' lang='lat' dir='ltr'>Sequuntur</span> <span class='ocrx_word' id='word_1_57' title='bbox 419 1178 504 1242; x_wconf 90' lang='lat' dir='ltr'>duae</span> <span class='ocrx_word' id='word_1_58' title='bbox 528 1179 756 1264; x_wconf 79' lang='lat' dir='ltr'>paraphrases,</span> <span class='ocrx_word' id='word_1_59' title='bbox 780 1201 861 1264; x_wconf 91' lang='lat' dir='ltr'>quas</span> <span class='ocrx_word' id='word_1_60' title='bbox 884 1180 1023 1263; x_wconf 88' lang='lat' dir='ltr'>legimus</span> <span class='ocrx_word' id='word_1_61' title='bbox 1047 1178 1089 1242; x_wconf 89' lang='lat' dir='ltr'>ad</span> <span class='ocrx_word' id='word_1_62' title='bbox 1112 1201 1142 1245; x_wconf 85' lang='lat' dir='ltr'>v.</span> <span class='ocrx_word' id='word_1_63' title='bbox 1161 1183 1199 1242; x_wconf 83' lang='lat'>17</span> <span class='ocrx_word' id='word_1_64' title='bbox 1224 1186 1257 1244; x_wconf 91' lang='lat' dir='ltr'>et</span> 
     </span>
     <span class='ocr_line' id='line_1_10' title="bbox 113 1281 1256 1367; baseline -0.003 -18"><span class='ocrx_word' id='word_1_65' title='bbox 113 1309 144 1351; x_wconf 86' lang='lat' dir='ltr'>v.</span> <span class='ocrx_word' id='word_1_66' title='bbox 163 1288 222 1365; x_wconf 84' lang='grc'>20,</span> <span class='ocrx_word' id='word_1_67' title='bbox 249 1305 315 1347; x_wconf 93' lang='lat' dir='ltr'>non</span> <span class='ocrx_word' id='word_1_68' title='bbox 343 1281 548 1346; x_wconf 84' lang='lat' dir='ltr'>adverbum</span> <span class='ocrx_word' id='word_1_69' title='bbox 576 1282 701 1363; x_wconf 80' lang='lat' dir='ltr'>iactae,</span> <span class='ocrx_word' id='word_1_70' title='bbox 731 1282 789 1348; x_wconf 91' lang='lat' dir='ltr'>sed</span> <span class='ocrx_word' id='word_1_71' title='bbox 817 1282 936 1367; x_wconf 91' lang='lat' dir='ltr'>quibus</span> <span class='ocrx_word' id='word_1_72' title='bbox 964 1283 1117 1346; x_wconf 78' lang='lat' dir='ltr'>universa</span> <span class='ocrx_word' id='word_1_73' title='bbox 1138 1289 1256 1367; x_wconf 90' lang='lat' dir='ltr'>poetae</span> 
     </span>
     <span class='ocr_line' id='line_1_11' title="bbox 115 1387 501 1456; baseline -0.016 -1"><span class='ocrx_word' id='word_1_74' title='bbox 115 1389 282 1456; x_wconf 86' lang='lat' dir='ltr'>sententia</span> <span class='ocrx_word' id='word_1_75' title='bbox 304 1387 501 1451; x_wconf 88' lang='lat' dir='ltr'>illustretur:</span> 
     </span>
    </p>

    <p class='ocr_par' dir='ltr' id='par_1_4' title="bbox 4 1482 1256 1889">
     <span class='ocr_line' id='line_1_12' title="bbox 204 1482 1252 1579; baseline 0.002 -24"><span class='ocrx_word' id='word_1_76' title='bbox 204 1491 275 1576; x_wconf 82' lang='grc'><strong>(17)</strong></span> <span class='ocrx_word' id='word_1_77' title='bbox 299 1490 317 1555; x_wconf 85' lang='grc' dir='ltr'><strong><em>ὁ</em></strong></span> <span class='ocrx_word' id='word_1_78' title='bbox 339 1487 377 1556; x_wconf 82' lang='grc' dir='ltr'><em>δέ</em></span> <span class='ocrx_word' id='word_1_79' title='bbox 397 1489 487 1568; x_wconf 77' lang='grc' dir='ltr'><em>νοῦς·</em></span> <span class='ocrx_word' id='word_1_80' title='bbox 516 1482 710 1574; x_wconf 80' lang='grc' dir='ltr'><em>ἁμαρτωλόν</em></span> <span class='ocrx_word' id='word_1_81' title='bbox 733 1512 770 1555; x_wconf 90' lang='grc' dir='ltr'>σε</span> <span class='ocrx_word' id='word_1_82' title='bbox 793 1483 871 1556; x_wconf 69' lang='grc' dir='ltr'><em>ὄντα</em></span> <span class='ocrx_word' id='word_1_83' title='bbox 893 1486 1031 1570; x_wconf 78' lang='grc' dir='ltr'><em>δικαίως</em></span> <span class='ocrx_word' id='word_1_84' title='bbox 1052 1491 1196 1579; x_wconf 66' lang='grc' dir='ltr'><em>μετῆλθε</em></span> <span class='ocrx_word' id='word_1_85' title='bbox 1217 1515 1252 1557; x_wconf 83' lang='grc' dir='ltr'>τι</span> 
     </span>
     <span class='ocr_line' id='line_1_13' title="bbox 113 1583 941 1679; baseline -0.005 -15"><span class='ocrx_word' id='word_1_86' title='bbox 113 1600 213 1664; x_wconf 73' lang='grc' dir='ltr'><em>θεῖον</em></span> <span class='ocrx_word' id='word_1_87' title='bbox 235 1589 518 1679; x_wconf 76' lang='grc' dir='ltr'><em>περιπεπτωκότα</em></span> <span class='ocrx_word' id='word_1_88' title='bbox 541 1583 592 1672; x_wconf 89' lang='grc' dir='ltr'>οἷς</span> <span class='ocrx_word' id='word_1_89' title='bbox 614 1589 796 1678; x_wconf 74' lang='grc' dir='ltr'><em>ἐπεθύμεις</em></span> <span class='ocrx_word' id='word_1_90' title='bbox 817 1597 941 1672; x_wconf 87' lang='grc' dir='ltr'><em>κακοῖς.</em></span> 
     </span>
     <span class='ocr_line' id='line_1_14' title="bbox 4 1691 1256 1786; baseline -0.003 -23"><span class='ocrx_word' id='word_1_91' title='bbox 4 1783 5 1786; x_wconf 9' lang='lat'>¹</span> <span class='ocrx_word' id='word_1_92' title='bbox 202 1699 274 1783; x_wconf 84' lang='grc'>(20)</span> <span class='ocrx_word' id='word_1_93' title='bbox 295 1691 414 1784; x_wconf 75' lang='grc' dir='ltr'><em>φησίν·</em></span> <span class='ocrx_word' id='word_1_94' title='bbox 441 1691 555 1777; x_wconf 86' lang='grc' dir='ltr'><em>ἐλπιζε</em></span> <span class='ocrx_word' id='word_1_95' title='bbox 583 1693 642 1761; x_wconf 80' lang='grc' dir='ltr'>καὶ</span> <span class='ocrx_word' id='word_1_96' title='bbox 670 1691 709 1761; x_wconf 80' lang='grc' dir='ltr'>σὺ</span> <span class='ocrx_word' id='word_1_97' title='bbox 733 1699 926 1782; x_wconf 84' lang='grc' dir='ltr'><em>περιπεσεῖν</em></span> <span class='ocrx_word' id='word_1_98' title='bbox 947 1695 1110 1782; x_wconf 76' lang='grc' dir='ltr'><em>ἐρωτικῶς</em></span> <span class='ocrx_word' id='word_1_99' title='bbox 1131 1693 1189 1760; x_wconf 79' lang='grc' dir='ltr'>καὶ</span> <span class='ocrx_word' id='word_1_100' title='bbox 1211 1691 1256 1783; x_wconf 76' lang='grc' dir='ltr'>μὴ</span> 
     </span>
     <span class='ocr_line' id='line_1_15' title="bbox 4 1795 404 1889; baseline -0.01 -20"><span class='ocrx_word' id='word_1_101' title='bbox 4 1817 5 1826; x_wconf 77' lang='grc'>’</span> <span class='ocrx_word' id='word_1_102' title='bbox 109 1795 404 1889; x_wconf 88' lang='grc' dir='ltr'><em>μεγαλορρημόνει.</em></span> 
     </span>
    </p>

    <p class='ocr_par' dir='ltr' id='par_1_5' title="bbox 110 1897 1258 2077">
     <span class='ocr_line' id='line_1_16' title="bbox 205 1897 1258 1989; baseline -0.004 -18"><span class='ocrx_word' id='word_1_103' title='bbox 205 1905 332 1971; x_wconf 82' lang='lat' dir='ltr'>Scholii</span> <span class='ocrx_word' id='word_1_104' title='bbox 347 1927 378 1970; x_wconf 88' lang='lat' dir='ltr'>v.</span> <span class='ocrx_word' id='word_1_105' title='bbox 396 1907 433 1970; x_wconf 92' lang='grc'>21</span> <span class='ocrx_word' id='word_1_106' title='bbox 452 1904 555 1969; x_wconf 83' lang='lat' dir='ltr'>rerba</span> <span class='ocrx_word' id='word_1_107' title='bbox 569 1897 758 1987; x_wconf 79' lang='grc' dir='ltr'><em>κατάτεμνε,</em></span> <span class='ocrx_word' id='word_1_108' title='bbox 782 1898 1048 1988; x_wconf 71' lang='grc' dir='ltr'><em>θέριζε1οιλεεεε</em></span> <span class='ocrx_word' id='word_1_109' title='bbox 1066 1903 1258 1989; x_wconf 83' lang='lat' dir='ltr'>paraphrasi</span> 
     </span>
     <span class='ocr_line' id='line_1_17' title="bbox 110 2013 289 2077; baseline -0.017 -1"><span class='ocrx_word' id='word_1_110' title='bbox 110 2013 289 2077; x_wconf 86' lang='lat' dir='ltr'>debentur.</span> 
     </span>
    </p>

    <p class='ocr_par' dir='ltr' id='par_1_6' title="bbox 110 2106 1256 2303">
     <span class='ocr_line' id='line_1_18' title="bbox 203 2106 1255 2198; baseline -0.002 -21"><span class='ocrx_word' id='word_1_111' title='bbox 203 2113 330 2180; x_wconf 87' lang='lat' dir='ltr'>Meram</span> <span class='ocrx_word' id='word_1_112' title='bbox 359 2111 576 2198; x_wconf 82' lang='lat' dir='ltr'>paraphrasin</span> <span class='ocrx_word' id='word_1_113' title='bbox 604 2111 764 2175; x_wconf 89' lang='lat' dir='ltr'>hahemus</span> <span class='ocrx_word' id='word_1_114' title='bbox 794 2109 835 2174; x_wconf 86' lang='lat' dir='ltr'>ad</span> <span class='ocrx_word' id='word_1_115' title='bbox 859 2112 958 2174; x_wconf 77' lang='grc' dir='ltr'>ν.22;</span> <span class='ocrx_word' id='word_1_116' title='bbox 990 2106 1059 2175; x_wconf 86' lang='grc' dir='ltr'>καί</span> <span class='ocrx_word' id='word_1_117' title='bbox 1080 2135 1132 2188; x_wconf 85' lang='grc' dir='ltr'>τι,</span> <span class='ocrx_word' id='word_1_118' title='bbox 1164 2106 1255 2197; x_wconf 80' lang='grc' dir='ltr'><em>φησί,</em></span> 
     </span>
     <span class='ocr_line' id='line_1_19' title="bbox 110 2205 1256 2303; baseline -0.004 -20"><span class='ocrx_word' id='word_1_119' title='bbox 110 2215 235 2303; x_wconf 79' lang='grc' dir='ltr'><em>μέλος</em></span> <span class='ocrx_word' id='word_1_120' title='bbox 257 2209 505 2301; x_wconf 82' lang='grc' dir='ltr'><em>ἆνάκρονσον</em></span> <span class='ocrx_word' id='word_1_121' title='bbox 519 2211 613 2297; x_wconf 64' lang='grc' dir='ltr'>καὶῑ)</span> <span class='ocrx_word' id='word_1_122' title='bbox 632 2205 846 2301; x_wconf 81' lang='grc' dir='ltr'><em>ἆναφώνησον</em></span> <span class='ocrx_word' id='word_1_123' title='bbox 865 2213 911 2300; x_wconf 83' lang='grc' dir='ltr'>τῇ</span> <span class='ocrx_word' id='word_1_124' title='bbox 931 2207 1044 2302; x_wconf 80' lang='grc' dir='ltr'><em>κόρη·</em></span> <span class='ocrx_word' id='word_1_125' title='bbox 1068 2210 1168 2280; x_wconf 76' lang='grc' dir='ltr'><em>οὕτω</em></span> <span class='ocrx_word' id='word_1_126' title='bbox 1184 2208 1256 2299; x_wconf 85' lang='grc' dir='ltr'>γὰρ</span> 
     </span>
    </p>

    <p class='ocr_par' dir='ltr' id='par_1_7' title="bbox 4 2315 1257 2508">
     <span class='ocr_line' id='line_1_20' title="bbox 109 2315 415 2411; baseline -0.007 -25"><span class='ocrx_word' id='word_1_127' title='bbox 109 2317 237 2411; x_wconf 75' lang='grc' dir='ltr'><em>ἥδιον</em></span> <span class='ocrx_word' id='word_1_128' title='bbox 259 2315 415 2406; x_wconf 79' lang='grc' dir='ltr'><em>ἐργάσῃ.</em></span> 
     </span>
     <span class='ocr_line' id='line_1_21' title="bbox 4 2420 1257 2508; baseline -0.002 -20"><span class='ocrx_word' id='word_1_129' title='bbox 4 2439 5 2450; x_wconf 74' lang='grc'>’</span> <span class='ocrx_word' id='word_1_130' title='bbox 202 2423 378 2508; x_wconf 85' lang='lat' dir='ltr'>Longioris</span> <span class='ocrx_word' id='word_1_131' title='bbox 412 2420 654 2499; x_wconf 87' lang='lat' dir='ltr'>cantiunculae,</span> <span class='ocrx_word' id='word_1_132' title='bbox 687 2439 783 2503; x_wconf 90' lang='lat' dir='ltr'>quam</span> <span class='ocrx_word' id='word_1_133' title='bbox 810 2422 935 2506; x_wconf 84' lang='lat' dir='ltr'>profert</span> <span class='ocrx_word' id='word_1_134' title='bbox 960 2421 1115 2485; x_wconf 89' lang='lat' dir='ltr'>Buoaeus</span> <span class='ocrx_word' id='word_1_135' title='bbox 1139 2420 1215 2486; x_wconf 90' lang='lat' dir='ltr'>inde</span> <span class='ocrx_word' id='word_1_136' title='bbox 1237 2445 1257 2486; x_wconf 88' lang='lat' dir='ltr'>a</span> 
     </span>
    </p>
   </div>
   <div class='ocr_carea' id='block_1_3' title="bbox 5 2523 1254 2618">
    <p class='ocr_par' dir='ltr' id='par_1_8' title="bbox 5 2523 1254 2618">
     <span class='ocr_line' id='line_1_22' title="bbox 5 2523 1254 2618; baseline -0.002 -27"><span class='ocrx_word' id='word_1_137' title='bbox 5 2567 6 2618; x_wconf 42' lang='lat' dir='ltr'>p</span> <span class='ocrx_word' id='word_1_138' title='bbox 109 2550 140 2594; x_wconf 86' lang='lat' dir='ltr'>v.</span> <span class='ocrx_word' id='word_1_139' title='bbox 155 2531 198 2591; x_wconf 87' lang='grc'>24</span> <span class='ocrx_word' id='word_1_140' title='bbox 215 2548 320 2611; x_wconf 92' lang='lat' dir='ltr'>nsque</span> <span class='ocrx_word' id='word_1_141' title='bbox 336 2525 378 2590; x_wconf 88' lang='lat' dir='ltr'>ad</span> <span class='ocrx_word' id='word_1_142' title='bbox 389 2548 420 2591; x_wconf 84' lang='lat' dir='ltr'>r.</span> <span class='ocrx_word' id='word_1_143' title='bbox 433 2526 484 2606; x_wconf 84' lang='lat'>37,</span> <span class='ocrx_word' id='word_1_144' title='bbox 506 2524 588 2589; x_wconf 89' lang='lat' dir='ltr'>haec</span> <span class='ocrx_word' id='word_1_145' title='bbox 604 2523 844 2609; x_wconf 88' lang='lat' dir='ltr'>paraphraseos</span> <span class='ocrx_word' id='word_1_146' title='bbox 862 2524 1046 2608; x_wconf 81' lang='lat' dir='ltr'>fragmenta</span> <span class='ocrx_word' id='word_1_147' title='bbox 1063 2531 1254 2610; x_wconf 85' lang='lat' dir='ltr'>supersunt:</span> 
     </span>
    </p>
   </div>
   <div class='ocr_carea' id='block_1_4' title="bbox 109 2629 1257 3024">
    <p class='ocr_par' dir='ltr' id='par_1_9' title="bbox 109 2629 1257 3024">
     <span class='ocr_line' id='line_1_23' title="bbox 161 2629 607 2713; baseline -0.013 -18"><span class='ocrx_word' id='word_1_148' title='bbox 161 2643 163 2648; x_wconf 83' lang='grc'>’</span> <span class='ocrx_word' id='word_1_149' title='bbox 202 2629 385 2694; x_wconf 85' lang='lat' dir='ltr'>Decurtsta</span> <span class='ocrx_word' id='word_1_150' title='bbox 406 2649 481 2713; x_wconf 90' lang='lat' dir='ltr'>pars</span> <span class='ocrx_word' id='word_1_151' title='bbox 503 2648 533 2690; x_wconf 92' lang='lat' dir='ltr'>v.</span> <span class='ocrx_word' id='word_1_152' title='bbox 551 2629 607 2690; x_wconf 80' lang='lat'>27:</span> 
     </span>
     <span class='ocr_line' id='line_1_24' title="bbox 201 2723 1255 2820; baseline 0.001 -24"><span class='ocrx_word' id='word_1_153' title='bbox 201 2731 274 2820; x_wconf 82' lang='lat'>(27)</span> <span class='ocrx_word' id='word_1_154' title='bbox 296 2727 343 2798; x_wconf 80' lang='lat' dir='ltr'>Ol</span> <span class='ocrx_word' id='word_1_155' title='bbox 365 2723 562 2816; x_wconf 76' lang='grc' dir='ltr'><em>μένέίλλοι</em></span> <span class='ocrx_word' id='word_1_156' title='bbox 578 2724 725 2815; x_wconf 77' lang='grc' dir='ltr'><em>Σύραν,</em></span> <span class='ocrx_word' id='word_1_157' title='bbox 749 2724 820 2816; x_wconf 77' lang='grc' dir='ltr'>ἐγὼ</span> <span class='ocrx_word' id='word_1_158' title='bbox 837 2723 1255 2815; x_wconf 81' lang='grc' dir='ltr'><em>δέμελίχλωρονᾶπο-</em></span> 
     </span>
     <span class='ocr_line' id='line_1_25' title="bbox 109 2834 1255 2920; baseline -0.002 -18"><span class='ocrx_word' id='word_1_159' title='bbox 109 2836 230 2902; x_wconf 83' lang='grc' dir='ltr'><em>καλῶ.</em></span> <span class='ocrx_word' id='word_1_160' title='bbox 282 2835 377 2908; x_wconf 82' lang='lat' dir='ltr'>Quae</span> <span class='ocrx_word' id='word_1_161' title='bbox 406 2834 508 2899; x_wconf 83' lang='lat' dir='ltr'>verba</span> <span class='ocrx_word' id='word_1_162' title='bbox 539 2856 581 2899; x_wconf 86' lang='lat' dir='ltr'>ex</span> <span class='ocrx_word' id='word_1_163' title='bbox 611 2834 824 2920; x_wconf 90' lang='lat' dir='ltr'>amplioribus</span> <span class='ocrx_word' id='word_1_164' title='bbox 855 2835 1001 2899; x_wconf 89' lang='lat' dir='ltr'>terminis</span> <span class='ocrx_word' id='word_1_165' title='bbox 1032 2835 1065 2898; x_wconf 94' lang='lat' dir='ltr'>in</span> <span class='ocrx_word' id='word_1_166' title='bbox 1097 2842 1255 2919; x_wconf 86' lang='lat' dir='ltr'>angustos</span> 
     </span>
     <span class='ocr_line' id='line_1_26' title="bbox 112 2937 1257 3024; baseline 0 -18"><span class='ocrx_word' id='word_1_167' title='bbox 112 2945 286 3006; x_wconf 87' lang='lat' dir='ltr'>contracta</span> <span class='ocrx_word' id='word_1_168' title='bbox 308 2958 381 3003; x_wconf 88' lang='lat' dir='ltr'>esse</span> <span class='ocrx_word' id='word_1_169' title='bbox 409 2937 489 3001; x_wconf 85' lang='lat' dir='ltr'>illud</span> <span class='ocrx_word' id='word_1_170' title='bbox 517 2937 655 3019; x_wconf 88' lang='lat' dir='ltr'>indicat,</span> <span class='ocrx_word' id='word_1_171' title='bbox 686 2937 772 3023; x_wconf 89' lang='lat' dir='ltr'>quod</span> <span class='ocrx_word' id='word_1_172' title='bbox 795 2938 849 3002; x_wconf 85' lang='lat' dir='ltr'>vel</span> <span class='ocrx_word' id='word_1_173' title='bbox 872 2937 992 3003; x_wconf 89' lang='lat' dir='ltr'>obiecti</span> <span class='ocrx_word' id='word_1_174' title='bbox 1015 2959 1196 3024; x_wconf 90' lang='lat' dir='ltr'>pronomen</span> <span class='ocrx_word' id='word_1_175' title='bbox 1218 2937 1257 3006; x_wconf 84' lang='grc' dir='ltr'>σέ·</span> 
     </span>
    </p>
   </div>
   <div class='ocr_carea' id='block_1_5' title="bbox 7 3045 355 3108">
    <p class='ocr_par' dir='ltr' id='par_1_10' title="bbox 7 3045 355 3108">
     <span class='ocr_line' id='line_1_27' title="bbox 7 3045 355 3108; baseline -0.011 0"><span class='ocrx_word' id='word_1_176' title='bbox 7 3061 9 3074; x_wconf 71' lang='grc'>’</span> <span class='ocrx_word' id='word_1_177' title='bbox 111 3045 270 3108; x_wconf 89' lang='lat' dir='ltr'>omissum</span> <span class='ocrx_word' id='word_1_178' title='bbox 294 3046 355 3107; x_wconf 87' lang='lat' dir='ltr'>est.</span> 
     </span>
    </p>
   </div>
   <div class='ocr_carea' id='block_1_6' title="bbox 200 3143 1251 3231">
    <p class='ocr_par' dir='ltr' id='par_1_11' title="bbox 200 3143 1251 3231">
     <span class='ocr_line' id='line_1_28' title="bbox 200 3143 1251 3231; baseline 0.003 -23"><span class='ocrx_word' id='word_1_179' title='bbox 200 3143 300 3231; x_wconf 82' lang='lat' dir='ltr'>Apud</span> <span class='ocrx_word' id='word_1_180' title='bbox 316 3144 516 3209; x_wconf 87' lang='lat' dir='ltr'>Ahrensium</span> <span class='ocrx_word' id='word_1_181' title='bbox 540 3143 588 3230; x_wconf 90' lang='lat' dir='ltr'>(II</span> <span class='ocrx_word' id='word_1_182' title='bbox 603 3166 636 3229; x_wconf 88' lang='lat' dir='ltr'>p.</span> <span class='ocrx_word' id='word_1_183' title='bbox 652 3146 725 3226; x_wconf 83' lang='grc'>323,</span> <span class='ocrx_word' id='word_1_184' title='bbox 739 3145 772 3227; x_wconf 89' lang='grc'>5)</span> <span class='ocrx_word' id='word_1_185' title='bbox 791 3144 929 3229; x_wconf 82' lang='lat' dir='ltr'>legimus</span> <span class='ocrx_word' id='word_1_186' title='bbox 953 3144 995 3208; x_wconf 88' lang='lat' dir='ltr'>ad</span> <span class='ocrx_word' id='word_1_187' title='bbox 1010 3145 1147 3209; x_wconf 90' lang='lat' dir='ltr'>alteram</span> <span class='ocrx_word' id='word_1_188' title='bbox 1170 3168 1201 3213; x_wconf 82' lang='lat' dir='ltr'>r.</span> <span class='ocrx_word' id='word_1_189' title='bbox 1214 3150 1251 3211; x_wconf 89' lang='grc'>31</span> 
     </span>
    </p>
   </div>
   <div class='ocr_carea' id='block_1_7' title="bbox 7 3241 1253 3336">
    <p class='ocr_par' dir='ltr' id='par_1_12' title="bbox 7 3241 1253 3336">
     <span class='ocr_line' id='line_1_29' title="bbox 7 3241 1253 3336; baseline 0.002 -22"><span class='ocrx_word' id='word_1_190' title='bbox 7 3241 9 3306; x_wconf 79' lang='lat' dir='ltr'>J</span> <span class='ocrx_word' id='word_1_191' title='bbox 110 3255 242 3336; x_wconf 89' lang='lat' dir='ltr'>partem</span> <span class='ocrx_word' id='word_1_192' title='bbox 264 3248 349 3311; x_wconf 88' lang='lat' dir='ltr'>hanc</span> <span class='ocrx_word' id='word_1_193' title='bbox 377 3246 606 3333; x_wconf 90' lang='lat' dir='ltr'>paraphrasin:</span> <span class='ocrx_word' id='word_1_194' title='bbox 638 3241 709 3332; x_wconf 77' lang='grc' dir='ltr'>ἐγώ</span> <span class='ocrx_word' id='word_1_195' title='bbox 738 3244 783 3312; x_wconf 82' lang='grc' dir='ltr'><em>δέ</em></span> <span class='ocrx_word' id='word_1_196' title='bbox 808 3241 879 3310; x_wconf 83' lang='grc' dir='ltr'>ἐπὶ</span> <span class='ocrx_word' id='word_1_197' title='bbox 907 3243 971 3311; x_wconf 82' lang='grc' dir='ltr'>σοὶ</span> <span class='ocrx_word' id='word_1_198' title='bbox 998 3242 1143 3330; x_wconf 88' lang='grc' dir='ltr'><em>μανίαν</em></span> <span class='ocrx_word' id='word_1_199' title='bbox 1171 3243 1253 3330; x_wconf 79' lang='grc' dir='ltr'><strong><em>ἔχω.</em></strong></span> 
     </span>
    </p>
   </div>
   <div class='ocr_carea' id='block_1_8' title="bbox 111 3350 1254 3625">
    <p class='ocr_par' dir='ltr' id='par_1_13' title="bbox 111 3350 1254 3625">
     <span class='ocr_line' id='line_1_30' title="bbox 114 3350 1254 3426; baseline 0.001 -9"><span class='ocrx_word' id='word_1_200' title='bbox 114 3352 212 3426; x_wconf 85' lang='lat' dir='ltr'>Quod</span> <span class='ocrx_word' id='word_1_201' title='bbox 244 3351 404 3415; x_wconf 90' lang='lat' dir='ltr'>scholium</span> <span class='ocrx_word' id='word_1_202' title='bbox 426 3351 611 3416; x_wconf 86' lang='lat' dir='ltr'>Ahronsius</span> <span class='ocrx_word' id='word_1_203' title='bbox 640 3350 724 3415; x_wconf 87' lang='lat' dir='ltr'>falso</span> <span class='ocrx_word' id='word_1_204' title='bbox 752 3351 785 3413; x_wconf 92' lang='lat' dir='ltr'>in</span> <span class='ocrx_word' id='word_1_205' title='bbox 812 3351 1032 3415; x_wconf 79' lang='lat' dir='ltr'>recentiorum</span> <span class='ocrx_word' id='word_1_206' title='bbox 1056 3351 1254 3418; x_wconf 85' lang='lat' dir='ltr'>scholiorum</span> 
     </span>
     <span class='ocr_line' id='line_1_31' title="bbox 112 3453 1253 3543; baseline 0.001 -24"><span class='ocrx_word' id='word_1_207' title='bbox 112 3476 283 3520; x_wconf 90' lang='lat' dir='ltr'>numerum</span> <span class='ocrx_word' id='word_1_208' title='bbox 306 3456 440 3541; x_wconf 87' lang='lat' dir='ltr'>recepit,</span> <span class='ocrx_word' id='word_1_209' title='bbox 465 3456 586 3540; x_wconf 92' lang='lat' dir='ltr'>quippe</span> <span class='ocrx_word' id='word_1_210' title='bbox 611 3455 663 3518; x_wconf 91' lang='lat' dir='ltr'>cui</span> <span class='ocrx_word' id='word_1_211' title='bbox 678 3456 746 3520; x_wconf 89' lang='lat' dir='ltr'>viro</span> <span class='ocrx_word' id='word_1_212' title='bbox 770 3453 958 3519; x_wconf 90' lang='lat' dir='ltr'>doctissimo</span> <span class='ocrx_word' id='word_1_213' title='bbox 982 3454 1139 3520; x_wconf 84' lang='lat' dir='ltr'>adunam</span> <span class='ocrx_word' id='word_1_214' title='bbox 1162 3456 1253 3543; x_wconf 86' lang='lat' dir='ltr'>Idyl-</span> 
     </span>
     <span class='ocr_line' id='line_1_32' title="bbox 111 3557 1254 3625; baseline 0.003 -3"><span class='ocrx_word' id='word_1_215' title='bbox 111 3560 191 3623; x_wconf 91' lang='lat' dir='ltr'>linm</span> <span class='ocrx_word' id='word_1_216' title='bbox 220 3558 270 3623; x_wconf 87' lang='lat' dir='ltr'>IV</span> <span class='ocrx_word' id='word_1_217' title='bbox 307 3559 427 3623; x_wconf 88' lang='lat' dir='ltr'>codicis</span> <span class='ocrx_word' id='word_1_218' title='bbox 457 3557 668 3623; x_wconf 86' lang='lat' dir='ltr'>Ambrosiani</span> <span class='ocrx_word' id='word_1_219' title='bbox 700 3558 725 3622; x_wconf 83' lang='lat' dir='ltr'>O</span> <span class='ocrx_word' id='word_1_220' title='bbox 758 3560 820 3622; x_wconf 91' lang='grc'>222</span> <span class='ocrx_word' id='word_1_221' title='bbox 852 3558 920 3624; x_wconf 90' lang='lat' dir='ltr'>ord.</span> <span class='ocrx_word' id='word_1_222' title='bbox 954 3558 1010 3624; x_wconf 88' lang='lat' dir='ltr'>inf.</span> <span class='ocrx_word' id='word_1_223' title='bbox 1042 3558 1172 3623; x_wconf 91' lang='lat' dir='ltr'>scholiis</span> <span class='ocrx_word' id='word_1_224' title='bbox 1206 3563 1254 3625; x_wconf 91' lang='lat' dir='ltr'>uti</span> 
     </span>
    </p>
   </div>
   <div class='ocr_carea' id='block_1_9' title="bbox 113 3760 1253 4091">
    <p class='ocr_par' dir='ltr' id='par_1_14' title="bbox 113 3760 1253 4091">
     <span class='ocr_line' id='line_1_33' title="bbox 202 3760 1253 3833; baseline 0.004 -16"><span class='ocrx_word' id='word_1_225' title='bbox 202 3763 224 3832; x_wconf 88' lang='lat'>¹)</span> <span class='ocrx_word' id='word_1_226' title='bbox 248 3764 308 3818; x_wconf 88' lang='lat' dir='ltr'>Hoc</span> <span class='ocrx_word' id='word_1_227' title='bbox 336 3762 382 3816; x_wconf 84' lang='grc' dir='ltr'>καί</span> <span class='ocrx_word' id='word_1_228' title='bbox 412 3763 614 3833; x_wconf 85' lang='lat' dir='ltr'>explicativum</span> <span class='ocrx_word' id='word_1_229' title='bbox 647 3764 820 3832; x_wconf 88' lang='lat' dir='ltr'>formamque</span> <span class='ocrx_word' id='word_1_230' title='bbox 855 3760 1041 3833; x_wconf 73' lang='grc' dir='ltr'><em>ἀνεφώνησεν</em></span> <span class='ocrx_word' id='word_1_231' title='bbox 1070 3779 1128 3817; x_wconf 89' lang='lat' dir='ltr'>non</span> <span class='ocrx_word' id='word_1_232' title='bbox 1157 3765 1253 3821; x_wconf 87' lang='lat' dir='ltr'>deberi</span> 
     </span>
     <span class='ocr_line' id='line_1_34' title="bbox 113 3848 1253 3919; baseline 0.005 -17"><span class='ocrx_word' id='word_1_233' title='bbox 113 3849 253 3918; x_wconf 83' lang='lat' dir='ltr'>genuinae</span> <span class='ocrx_word' id='word_1_234' title='bbox 276 3849 454 3919; x_wconf 82' lang='lat' dir='ltr'>paraphrasi,</span> <span class='ocrx_word' id='word_1_235' title='bbox 478 3849 526 3903; x_wconf 90' lang='lat' dir='ltr'>sed</span> <span class='ocrx_word' id='word_1_236' title='bbox 548 3849 672 3903; x_wconf 89' lang='lat' dir='ltr'>indicare</span> <span class='ocrx_word' id='word_1_237' title='bbox 695 3850 851 3918; x_wconf 89' lang='lat' dir='ltr'>quemlibet</span> <span class='ocrx_word' id='word_1_238' title='bbox 873 3848 1055 3918; x_wconf 85' lang='lat' dir='ltr'>posteriorem</span> <span class='ocrx_word' id='word_1_239' title='bbox 1073 3849 1253 3908; x_wconf 87' lang='lat' dir='ltr'>scholiastam</span> 
     </span>
     <span class='ocr_line' id='line_1_35' title="bbox 114 3934 1252 4010; baseline 0.004 -21"><span class='ocrx_word' id='word_1_240' title='bbox 114 3934 211 4004; x_wconf 78' lang='lat' dir='ltr'>colligi</span> <span class='ocrx_word' id='word_1_241' title='bbox 228 3938 322 4004; x_wconf 88' lang='lat' dir='ltr'>potest</span> <span class='ocrx_word' id='word_1_242' title='bbox 340 3952 373 3990; x_wconf 85' lang='lat' dir='ltr'>ex</span> <span class='ocrx_word' id='word_1_243' title='bbox 389 3935 564 3990; x_wconf 87' lang='lat' dir='ltr'>Ahrensiano</span> <span class='ocrx_word' id='word_1_244' title='bbox 583 3935 751 3990; x_wconf 90' lang='lat' dir='ltr'>scholiorum</span> <span class='ocrx_word' id='word_1_245' title='bbox 770 3950 897 4005; x_wconf 88' lang='lat' dir='ltr'>corpore,</span> <span class='ocrx_word' id='word_1_246' title='bbox 920 3935 950 3988; x_wconf 90' lang='lat' dir='ltr'>in</span> <span class='ocrx_word' id='word_1_247' title='bbox 974 3951 1030 4002; x_wconf 88' lang='lat' dir='ltr'>quo</span> <span class='ocrx_word' id='word_1_248' title='bbox 1055 3950 1088 3988; x_wconf 87' lang='lat' dir='ltr'>ex</span> <span class='ocrx_word' id='word_1_249' title='bbox 1112 3936 1207 3992; x_wconf 89' lang='lat' dir='ltr'>codice</span> <span class='ocrx_word' id='word_1_250' title='bbox 1225 3959 1252 4010; x_wconf 93' lang='lat' dir='ltr'>p.</span> 
     </span>
     <span class='ocr_line' id='line_1_36' title="bbox 115 4015 1253 4091; baseline 0.005 -15"><span class='ocrx_word' id='word_1_251' title='bbox 115 4022 238 4076; x_wconf 84' lang='lat' dir='ltr'>eiusdem</span> <span class='ocrx_word' id='word_1_252' title='bbox 263 4022 362 4077; x_wconf 91' lang='lat' dir='ltr'>scholii</span> <span class='ocrx_word' id='word_1_253' title='bbox 388 4022 504 4077; x_wconf 86' lang='lat' dir='ltr'>affertur</span> <span class='ocrx_word' id='word_1_254' title='bbox 527 4023 631 4086; x_wconf 87' lang='lat' dir='ltr'>forma,</span> <span class='ocrx_word' id='word_1_255' title='bbox 657 4039 730 4091; x_wconf 86' lang='lat' dir='ltr'>quac</span> <span class='ocrx_word' id='word_1_256' title='bbox 758 4021 850 4077; x_wconf 87' lang='lat' dir='ltr'>verbis</span> <span class='ocrx_word' id='word_1_257' title='bbox 880 4019 926 4073; x_wconf 83' lang='grc' dir='ltr'>καὶ</span> <span class='ocrx_word' id='word_1_258' title='bbox 955 4015 1142 4090; x_wconf 71' lang='grc' dir='ltr'><em>ἀναφώνησιν</em></span> <span class='ocrx_word' id='word_1_259' title='bbox 1168 4030 1253 4082; x_wconf 83' lang='lat' dir='ltr'>earet.</span> 
     </span>
    </p>
   </div>
   <div class='ocr_carea' id='block_1_10' title="bbox 15 4091 1254 4179">
    <p class='ocr_par' dir='ltr' id='par_1_15' title="bbox 15 4091 1254 4179">
     <span class='ocr_line' id='line_1_37' title="bbox 15 4091 1254 4179; baseline 0.006 -19"><span class='ocrx_word' id='word_1_260' title='bbox 15 4091 16 4112; x_wconf 76' lang='lat'>¹</span> <span class='ocrx_word' id='word_1_261' title='bbox 114 4107 222 4161; x_wconf 75' lang='lat' dir='ltr'>niuem</span> <span class='ocrx_word' id='word_1_262' title='bbox 243 4111 384 4163; x_wconf 65' lang='lat' dir='ltr'>senatum</span> <span class='ocrx_word' id='word_1_263' title='bbox 407 4111 450 4163; x_wconf 70' lang='grc' dir='ltr'>ιι</span> <span class='ocrx_word' id='word_1_264' title='bbox 472 4107 640 4163; x_wconf 72' lang='lat' dir='ltr'>arrectam</span> <span class='ocrx_word' id='word_1_265' title='bbox 667 4108 785 4179; x_wconf 63' lang='grc' dir='ltr'><em>φαμεν.</em></span> <span class='ocrx_word' id='word_1_266' title='bbox 821 4108 886 4162; x_wconf 76' lang='lat' dir='ltr'>Aur.</span> <span class='ocrx_word' id='word_1_267' title='bbox 904 4107 931 4160; x_wconf 84' lang='grc' dir='ltr'>ιι</span> <span class='ocrx_word' id='word_1_268' title='bbox 953 4126 980 4177; x_wconf 82' lang='lat' dir='ltr'>p.</span> <span class='ocrx_word' id='word_1_269' title='bbox 999 4107 1063 4173; x_wconf 75' lang='grc' dir='ltr'><em>ενι),</em></span> <span class='ocrx_word' id='word_1_270' title='bbox 1081 4110 1128 4164; x_wconf 81' lang='lat'>20:</span> <span class='ocrx_word' id='word_1_271' title='bbox 1153 4110 1205 4164; x_wconf 76' lang='lat' dir='ltr'>rar</span> <span class='ocrx_word' id='word_1_272' title='bbox 1227 4133 1254 4168; x_wconf 72' lang='grc' dir='ltr'>ιι</span> 
     </span>
    </p>
   </div>
   <div class='ocr_carea' id='block_1_11' title="bbox 118 4190 747 4265">
    <p class='ocr_par' dir='ltr' id='par_1_16' title="bbox 118 4190 747 4265">
     <span class='ocr_line' id='line_1_38' title="bbox 118 4190 747 4265; baseline 0.003 -19"><span class='ocrx_word' id='word_1_273' title='bbox 118 4195 227 4264; x_wconf 77' lang='grc' dir='ltr'><em>φιλικόν</em></span> <span class='ocrx_word' id='word_1_274' title='bbox 243 4197 324 4265; x_wconf 79' lang='grc' dir='ltr'><em>μέλος</em></span> <span class='ocrx_word' id='word_1_275' title='bbox 342 4198 380 4256; x_wconf 84' lang='grc' dir='ltr'>εἰς</span> <span class='ocrx_word' id='word_1_276' title='bbox 396 4196 449 4264; x_wconf 78' lang='grc' dir='ltr'>τήν</span> <span class='ocrx_word' id='word_1_277' title='bbox 466 4195 551 4265; x_wconf 83' lang='grc' dir='ltr'><em>κόρην</em></span> <span class='ocrx_word' id='word_1_278' title='bbox 569 4190 747 4265; x_wconf 78' lang='grc' dir='ltr'><em>ἀνάκρονσον.</em></span> 
     </span>
    </p>
   </div>
   <div class='ocr_carea' id='block_1_12' title="bbox 0 0 1544 4910">
    <p class='ocr_par' dir='ltr' id='par_1_17' title="bbox 0 0 1544 4910">
     <span class='ocr_line' id='line_1_39' title="bbox 0 0 1544 4910; baseline 0 0"><span class='ocrx_word' id='word_1_279' title='bbox 0 0 1544 4910; x_wconf 95' lang='lat' dir='ltr'> </span> 
     </span>
    </p>
   </div>
  </div>
 </body>
</html>
