3070 4910
555 301 766 363 „25-

135 482 627 577 (10)ούποτέμενικήσεις,
654 486 657 573 λ
682 484 835 557 τοιούτου
865 486 976 575 λόγου·
1006 479 1034 554 ὦ
1064 485 1223 556 Μενόλκα

97 586 168 658 ούδ
187 589 221 658 εὶ
242 587 496 679 διαρραγείης
517 586 628 680 ᾄδων.
683 589 833 679 συρικτοί,
861 587 976 682 ἤγουν
997 589 1123 679 σύριγγι
1145 591 1222 677 μέλ-

135 696 201 782 (11)
228 688 365 778 βούλει
394 691 525 780 ἔργοις
551 721 629 779 μα·
683 719 758 762 πειν
780 692 889 776 είδιός,
918 691 940 783 ἢ
961 691 1109 783 μεγάλως
1131 693 1223 780 συρί-

96 802 193 878 δεῖν,
216 794 266 864 ὅτι
289 819 349 863 σου
371 795 514 863 καλλίων
534 799 628 879 (Ahr.
682 798 748 879 ζειν
769 795 959 883 δυνάμενος,
989 801 1116 888 ποιμὴν
1138 825 1223 885 προ-

96 897 255 987 κρείσσων)
270 897 356 984 είμί,
373 902 628 988 Ahr.11p.288,
681 896 800 984 βάττον,
830 902 866 984 ἐξ
888 890 932 968 ὦν
953 898 995 967 τὰ
1017 899 1090 988 ἔρια
1110 903 1153 969 τὰ
1176 901 1224 982 εἰς

99 1009 184 1090 7sq.:
205 1002 349 1083 θέλεις
370 1009 628 1072 καταθεῖναι
682 1001 808 1085 πόκους
841 1001 1028 1095 ἐπιτήδεια·
1063 999 1224 1072 οὐδέποτέ

98 1097 228 1189 ύδλονς
680 1133 722 1192 με
737 1104 776 1175 οὐ
795 1105 946 1198 νικήσεις,
964 1103 1032 1175 οὐδ’
1049 1104 1142 1187 ὅπως
1155 1103 1222 1194 (ἂν)

135 1211 200 1298 (13)
242 1208 305 1290 τίς
350 1201 485 1291 ἆθλος
528 1205 630 1299 ἡμῖν
682 1210 872 1300 διατεθείης
895 1208 948 1298 (σὺ
972 1206 1084 1302 ᾄδων).

97 1308 254 1399 ἀρκέσει,
291 1313 357 1380 καί
388 1311 478 1381 τίνα
504 1340 629 1381 κατα-

96 1413 264 1504 θήσομεν
303 1411 401 1507 ἡμῖν
438 1411 525 1484 ἀντὶ
558 1420 629 1508 τῆς

97 1517 218 1608 νίκης,·

133 1626 198 1712 (14)
221 1618 295 1692 ἶσον
317 1626 358 1714 τῇ
378 1621 487 1713 μητρί,
516 1622 627 1710 μέγαν.
888 1632 938 1694 26.
963 1632 1014 1695 27.

724 1730 846 1797 ἐκεῖνον
888 1728 945 1798 τὸν
985 1728 1142 1813 αἰπόλον,
1184 1720 1223 1798 οὗ

681 1831 775 1918 παρὰ
800 1839 875 1914 ταῖς
901 1832 1030 1923 ἐρίφοις
1057 1830 1222 1901 όκύωνδ

135 1933 257 1997 Desunt
270 1935 400 1998 omnino
416 1936 539 2000 scholia
551 1934 627 2001 inde
680 1934 793 2018 λευκὸς
816 1932 957 2019 ὑλακτεῖ,
983 1933 1053 2023 (εόίν
1075 1963 1149 2017 πως
1171 1933 1222 2003 έν-

99 2058 161 2102 κν.
177 2040 215 2100 20
238 2058 342 2122 usque
365 2037 407 2102 ad
430 2060 458 2104 v.
478 2041 529 2104 25.
679 2045 802 2125 ταῦθα,
827 2035 916 2108 ἀντὶ
938 2043 1011 2108 τοῦ
1033 2041 1137 2124 δεῦρο,
1160 2065 1222 2106 κα-
1301 2061 1306 2072 ’

137 2139 201 2224 (26)
224 2133 290 2225 ίίγε
313 2135 357 2227 δή
377 2165 460 2219 πως
481 2139 628 2208 ἐκεῖνον
679 2144 837 2230 λύσωμεν,
891 2149 993 2231 κρινεῖ
1041 2139 1222 2231 δηλονότι

32 2239 33 2244 ¹
103 2235 150 2327 ἐφ’
172 2236 269 2328 ἡμᾶς
291 2241 525 2327 καλέσωμεν.
680 2244 780 2338 ἡμᾶς·
804 2247 1011 2316 τουτέστιν
1033 2244 1063 2313 εί
1084 2237 1124 2336 ἦν
1145 2243 1222 2331 τρό-

679 2378 760 2434 πος,
795 2348 888 2430 ὅπως
919 2347 958 2416 δν
987 2352 1082 2437 δεῦρο
1109 2348 1222 2416 έκαλέ-

679 2479 782 2540 σαμεν
819 2455 940 2521 ἐκεῖνον
973 2451 1031 2522 τὸν
1069 2450 1221 2536 αἰπόλον,

680 2548 719 2626 ού
741 2555 834 2645 παρὰ
856 2563 932 2638 ταῖς
952 2556 1080 2647 ἐρίφοις
1101 2554 1222 2624 όκύων

679 2659 820 2742 ὁλευκὸς
832 2655 974 2743 ὑλακτεῖ,
991 2663 1017 2728 Ι.
1027 2662 1114 2727 Μ.Υ.
1123 2664 1222 2728 (λου.ει

679 2768 782 2854 Lips.)
806 2762 927 2851 ἔκρινεν
950 2758 989 2829 btv
1010 2766 1105 2852 ἡμᾶς.
1206 2777 1209 2783 ’

927 2906 977 2967 30.

721 3005 853 3092 πρῶτος
881 3000 908 3070 δ
914 2996 969 3071 οὖν
998 2995 1073 3094 ᾖδεν
1102 3007 1119 3070 ὁ
1147 3010 1221 3071 Με-

678 3106 799 3190 νοίλκας
833 3104 943 3189 ίυκτιί,
978 3102 1097 3198 ἤγουν
1130 3105 1221 3194 λιγύ-

680 3219 829 3300 φθογγα,
867 3207 987 3294 λαχών,
1028 3210 1219 3280 τουτέστι

679 3313 877 3405 κληρωθείς·
900 3341 928 3382 κ.
937 3315 1000 3381 τ.λ.

887 3457 937 3520 31.
962 3457 1013 3521 32.

722 3548 793 3622 εἶτα
837 3554 873 3623 δέ
915 3550 1097 3641 ἇμοιβαίαν
1133 3551 1221 3645 ᾠδὴν

678 3655 852 3744 βουκόλοις
878 3655 1084 3747 ἁρμόζουσαν
1107 3662 1124 3725 ὁ
1147 3657 1219 3726 Δοί-

679 3787 754 3850 φνις
776 3759 1005 3848 διαδεχόμενος
1026 3753 1110 3850 ιἦδεν.

882 3905 1019 3969 33-35.

724 4000 758 4071 εἴ
775 4031 808 4071 τι
830 4029 898 4070 που
919 4001 1018 4089 μέλος
1037 4008 1221 4094 προσφιλές

679 4108 756 4192 ύμῖν
778 4098 837 4194 ιἦσέ
858 4131 941 4173 ποτε
964 4109 981 4172 ό
1002 4105 1180 4191 Μενάλκας
1202 4114 1220 4178 ὁ

681 4206 737 4276 διὰ
760 4206 910 4298 σύριγγος
923 4209 1063 4295 μέλπειν
1079 4211 1219 4282 έπιοτοί·
